,tweet_id,source,text,expanded_urls,rating_numerator,rating_denominator,name,date,time,stage,retweet_count,favorite_count,jpg_url,img_num,first_most_likely,p1_conf,p1_dog,second_most_likely,p2_conf,p2_dog,third_most_likely,p3_conf,p3_dog
0,872967104147763200,"<a href=""http://twitter.com/download/iphone"" rel=""nofollow"">Twitter for iPhone</a>",Here's a very large dog. He has a date later. Politely asked this water person to check if his breath is bad. 12/10 good to go doggo https://t.co/EMYIdoblMR,"https://twitter.com/dog_rates/status/872967104147763200/photo/1,https://twitter.com/dog_rates/status/872967104147763200/photo/1",12,10,None,2017-06-09,00:02:31,doggo,4921,25457,https://pbs.twimg.com/media/DB1m871XUAAw5vZ.jpg,2.0,labrador_retriever,0.476913,True,chesapeake_bay_retriever,0.174145,True,german_short-haired_pointer,0.0928614,True
1,871515927908634625,"<a href=""http://twitter.com/download/iphone"" rel=""nofollow"">Twitter for iPhone</a>",This is Napolean. He's a Raggedy East Nicaraguan Zoom Zoom. Runs on one leg. Built for deception. No eyes. Good with kids. 12/10 great doggo https://t.co/PR7B7w1rUw,"https://twitter.com/dog_rates/status/871515927908634625/photo/1,https://twitter.com/dog_rates/status/871515927908634625/photo/1",12,10,Napolean,2017-06-04,23:56:03,doggo,3170,18903,https://pbs.twimg.com/media/DBg_HT9WAAEeIMM.jpg,2.0,komondor,0.974781,True,briard,0.0200413,True,swab,0.00322824,False
2,871102520638267392,"<a href=""http://twitter.com/download/iphone"" rel=""nofollow"">Twitter for iPhone</a>",Never doubt a doggo 14/10 https://t.co/AbBLh2FZCH,https://twitter.com/animalcog/status/871075758080503809,12,10,None,2017-06-03,20:33:19,doggo,5021,19603,,,,,,,,,,,
3,869596645499047938,"<a href=""http://twitter.com/download/iphone"" rel=""nofollow"">Twitter for iPhone</a>",This is Scout. He just graduated. Officially a doggo now. Have fun with taxes and losing sight of your ambitions. 12/10 would throw cap for https://t.co/DsA2hwXAJo,"https://twitter.com/dog_rates/status/869596645499047938/photo/1,https://twitter.com/dog_rates/status/869596645499047938/photo/1",12,10,Scout,2017-05-30,16:49:31,doggo,2861,14992,https://pbs.twimg.com/media/DBFtiYqWAAAsjj1.jpg,1.0,chihuahua,0.955156,True,toy_terrier,0.00805373,True,muzzle,0.00629563,False
4,858843525470990336,"<a href=""http://twitter.com/download/iphone"" rel=""nofollow"">Twitter for iPhone</a>",I have stumbled puppon a doggo painting party. They're looking to be the next Pupcasso or Puppollock. All 13/10 would put it on the fridge https://t.co/cUeDMlHJbq,https://twitter.com/dog_rates/status/858843525470990336/photo/1,12,10,None,2017-05-01,00:40:27,doggo,3268,14884,https://pbs.twimg.com/media/C-s5oYZXkAAMHHq.jpg,1.0,golden_retriever,0.57812,True,labrador_retriever,0.286059,True,bloodhound,0.0269173,True
5,855851453814013952,"<a href=""http://twitter.com/download/iphone"" rel=""nofollow"">Twitter for iPhone</a>",Here's a puppo participating in the #ScienceMarch. Cleverly disguising her own doggo agenda. 13/10 would keep the planet habitable for https://t.co/cMhq16isel,https://twitter.com/dog_rates/status/855851453814013952/photo/1,12,10,None,2017-04-22,18:31:02,doggo,17174,44087,https://pbs.twimg.com/media/C-CYWrvWAAU8AXH.jpg,1.0,flat-coated_retriever,0.321676,True,labrador_retriever,0.115138,True,groenendael,0.0960997,True
6,854010172552949760,"<a href=""http://twitter.com/download/iphone"" rel=""nofollow"">Twitter for iPhone</a>","At first I thought this was a shy doggo, but it's actually a Rare Canadian Floofer Owl. Amateurs would confuse the two. 11/10 only send dogs https://t.co/TXdT3tmuYk","https://twitter.com/dog_rates/status/854010172552949760/photo/1,https://twitter.com/dog_rates/status/854010172552949760/photo/1",11,10,None,2017-04-17,16:34:26,doggo,3016,15704,https://pbs.twimg.com/media/C9oNt91WAAAFSLS.jpg,1.0,english_springer,0.354733,True,collie,0.177538,True,border_collie,0.131706,True
7,846514051647705089,"<a href=""http://twitter.com/download/iphone"" rel=""nofollow"">Twitter for iPhone</a>",This is Barney. He's an elder doggo. Hitches a ride when he gets tired. Waves goodbye before he leaves. 13/10 please come back soon https://t.co/cFAasDXauK,"https://twitter.com/dog_rates/status/846514051647705089/photo/1,https://twitter.com/dog_rates/status/846514051647705089/photo/1,https://twitter.com/dog_rates/status/846514051647705089/photo/1",12,10,Barney,2017-03-28,00:07:32,doggo,11230,43749,https://pbs.twimg.com/media/C79sB4xXwAEvwKY.jpg,2.0,golden_retriever,0.650003,True,leonberg,0.0651992,True,norfolk_terrier,0.0529553,True
8,845397057150107648,"<a href=""http://twitter.com/download/iphone"" rel=""nofollow"">Twitter for iPhone</a>","Say hello to Mimosa. She's an emotional support doggo who helps her owner with PTSD. 13/10, but she needs your help

https://t.co/L6mLzrd7Mx https://t.co/jMutBFdw5o","https://www.gofundme.com/help-save-a-pup,https://twitter.com/dog_rates/status/845397057150107648/photo/1,https://twitter.com/dog_rates/status/845397057150107648/photo/1",12,10,Mimosa,2017-03-24,22:08:59,doggo,1755,7495,https://pbs.twimg.com/media/C7t0IzLWkAINoft.jpg,1.0,dandie_dinmont,0.394404,True,maltese_dog,0.186537,True,west_highland_white_terrier,0.181985,True
9,836753516572119041,"<a href=""http://twitter.com/download/iphone"" rel=""nofollow"">Twitter for iPhone</a>",This is Meera. She just heard about taxes and how much a doghouse in a nice area costs. Not pupared to be a  doggo anymore. 12/10 https://t.co/GZmNEdyoJY,https://twitter.com/dog_rates/status/836753516572119041/photo/1,12,10,Meera,2017-03-01,01:42:39,doggo,4588,19195,https://pbs.twimg.com/media/C5y-4VwWcAIcaoj.jpg,1.0,mortarboard,0.936882,False,academic_gown,0.0208154,False,schipperke,0.0115635,True
10,834574053763584002,"<a href=""http://twitter.com/download/iphone"" rel=""nofollow"">Twitter for iPhone</a>",Here's a doggo fully pupared for a shower. H*ckin exquisite balance. Sneaky tongue slip too. 13/10 https://t.co/UtEVnQ1ZPg,https://twitter.com/dog_rates/status/834574053763584002/photo/1,12,10,None,2017-02-23,01:22:14,doggo,2505,13572,https://pbs.twimg.com/media/C5UAqgyXAAAbMWH.jpg,1.0,toilet_tissue,0.262936,False,golden_retriever,0.226564,True,bathtub,0.07887899999999999,False
11,834089966724603904,"<a href=""http://twitter.com/download/iphone"" rel=""nofollow"">Twitter for iPhone</a>",DOGGO ON THE LOOSE I REPEAT DOGGO ON THE LOOSE 10/10 https://t.co/ffIH2WxwF0,https://twitter.com/stevekopack/status/834086676934836224,10,10,None,2017-02-21,17:18:39,doggo,2112,9984,,,,,,,,,,,
12,832998151111966721,"<a href=""http://twitter.com/download/iphone"" rel=""nofollow"">Twitter for iPhone</a>","This is Rhino. He arrived at a shelter with an elaborate doggo manual for his new family, written by someone who will always love him. 13/10 https://t.co/QX1h0oqMz0","https://twitter.com/dog_rates/status/832998151111966721/photo/1,https://twitter.com/dog_rates/status/832998151111966721/photo/1",12,10,Rhino,2017-02-18,17:00:10,doggo,2186,13183,https://pbs.twimg.com/media/C49nZavUYAEJjGw.jpg,1.0,boxer,0.539036,True,french_bulldog,0.317617,True,bull_mastiff,0.0939285,True
13,832273440279240704,"<a href=""http://twitter.com/download/iphone"" rel=""nofollow"">Twitter for iPhone</a>",Say hello to Smiley. He's a blind therapy doggo having a h*ckin blast high steppin around in the snow. 14/10 would follow anywhere https://t.co/SHAb1wHjMz,https://twitter.com/dog_rates/status/832273440279240704/video/1,12,10,Smiley,2017-02-16,17:00:25,doggo,2324,11317,https://pbs.twimg.com/ext_tw_video_thumb/832273373149413377/pu/img/qOqxM0b48fEarmq6.jpg,1.0,pembroke,0.134081,True,ice_bear,0.0519278,False,pug,0.0443109,True
14,832032802820481025,"<a href=""http://twitter.com/download/iphone"" rel=""nofollow"">Twitter for iPhone</a>","This is Miguel. He was the only remaining doggo at the adoption center after the weekend. Let's change that. 12/10

https://t.co/P0bO8mCQwN https://t.co/SU4K34NT4M","https://www.petfinder.com/petdetail/34918210,https://twitter.com/dog_rates/status/832032802820481025/photo/1,https://twitter.com/dog_rates/status/832032802820481025/photo/1,https://twitter.com/dog_rates/status/832032802820481025/photo/1,https://twitter.com/dog_rates/status/832032802820481025/photo/1",12,10,Miguel,2017-02-16,01:04:13,doggo,4623,17786,https://pbs.twimg.com/media/C4v5a4UWcAIRygc.jpg,1.0,whippet,0.601712,True,ibizan_hound,0.152662,True,italian_greyhound,0.135055,True
15,831939777352105988,"<a href=""http://twitter.com/download/iphone"" rel=""nofollow"">Twitter for iPhone</a>",This is Emanuel. He's a h*ckin rare doggo. Dwells in a semi-urban environment. Round features make him extra collectible. 12/10 would so pet https://t.co/k9bzgyVdUT,https://twitter.com/dog_rates/status/831939777352105988/photo/1,12,10,Emanuel,2017-02-15,18:54:34,doggo,6093,23892,https://pbs.twimg.com/media/C4uk0EWWQAAaZm1.jpg,1.0,pomeranian,0.153862,True,marmot,0.0912339,False,grey_fox,0.0906441,False
16,831322785565769729,"<a href=""http://twitter.com/download/iphone"" rel=""nofollow"">Twitter for iPhone</a>",This is Pete. He has no eyes. Needs a guide doggo. Also appears to be considerably fluffy af. 12/10 would hug softly https://t.co/Xc0gyovCtK,https://twitter.com/dog_rates/status/831322785565769729/photo/1,12,10,Pete,2017-02-14,02:02:51,doggo,1539,9254,https://pbs.twimg.com/media/C4lzqQ4UEAApzU0.jpg,1.0,old_english_sheepdog,0.999715,True,tibetan_terrier,4.62967e-05,True,guinea_pig,4.118430000000001e-05,False
17,829878982036299777,"<a href=""http://twitter.com/download/iphone"" rel=""nofollow"">Twitter for iPhone</a>",RT @dog_rates: This is Loki. He smiles like Elvis. Ain't nothin but a hound doggo. 12/10 https://t.co/QV5nx6otZR,"https://twitter.com/dog_rates/status/826958653328592898/photo/1,https://twitter.com/dog_rates/status/826958653328592898/photo/1",12,10,Loki,2017-02-10,02:25:42,doggo,4974,0,https://pbs.twimg.com/media/C3nygbBWQAAjwcW.jpg,1.0,golden_retriever,0.6173890000000001,True,labrador_retriever,0.33705300000000005,True,tennis_ball,0.00855442,False
18,829449946868879360,"<a href=""http://twitter.com/download/iphone"" rel=""nofollow"">Twitter for iPhone</a>",Here's a stressed doggo. Had a long day. Many things on her mind. The hat communicates these feelings exquisitely. 11/10 https://t.co/fmRS43mWQB,https://twitter.com/dog_rates/status/829449946868879360/photo/1,11,10,None,2017-02-08,22:00:52,doggo,2007,10444,https://pbs.twimg.com/media/C4LMUf8WYAkWz4I.jpg,1.0,labrador_retriever,0.315163,True,golden_retriever,0.15321,True,pekinese,0.13279100000000002,True
19,828381636999917570,"<a href=""http://twitter.com/download/iphone"" rel=""nofollow"">Twitter for iPhone</a>",Meet Doobert. He's a deaf doggo. Didn't stop him on the field tho. Absolute legend today. 14/10 would pat head approvingly https://t.co/iCk7zstRA9,https://twitter.com/dog_rates/status/828381636999917570/photo/1,12,10,Doobert,2017-02-05,23:15:47,doggo,2207,12563,https://pbs.twimg.com/media/C38Asz1WEAAvzj3.jpg,1.0,bedlington_terrier,0.392535,True,labrador_retriever,0.0890217,True,clumber,0.0817998,True
20,826958653328592898,"<a href=""http://twitter.com/download/iphone"" rel=""nofollow"">Twitter for iPhone</a>",This is Loki. He smiles like Elvis. Ain't nothin but a hound doggo. 12/10 https://t.co/QV5nx6otZR,https://twitter.com/dog_rates/status/826958653328592898/photo/1,12,10,Loki,2017-02-02,01:01:21,doggo,4974,21556,https://pbs.twimg.com/media/C3nygbBWQAAjwcW.jpg,1.0,golden_retriever,0.6173890000000001,True,labrador_retriever,0.33705300000000005,True,tennis_ball,0.00855442,False
21,826848821049180160,"<a href=""http://twitter.com/download/iphone"" rel=""nofollow"">Twitter for iPhone</a>",This is Cupid. He was found in the trash. Now he's well on his way to prosthetic front legs and a long happy doggo life. 13/10 heroic af https://t.co/WS0Gha8vRh,"https://twitter.com/dog_rates/status/826848821049180160/photo/1,https://twitter.com/dog_rates/status/826848821049180160/photo/1,https://twitter.com/dog_rates/status/826848821049180160/photo/1,https://twitter.com/dog_rates/status/826848821049180160/photo/1",12,10,Cupid,2017-02-01,17:44:55,doggo,10116,36312,https://pbs.twimg.com/media/C3mOnZ_XUAAjr2V.jpg,4.0,great_pyrenees,0.858764,True,golden_retriever,0.0235257,True,pekinese,0.017103900000000002,True
22,826476773533745153,"<a href=""http://twitter.com/download/iphone"" rel=""nofollow"">Twitter for iPhone</a>",This is Pilot. He has mastered the synchronized head tilt and sneaky tongue slip. Usually not unlocked until later doggo days. 12/10 https://t.co/YIV8sw8xkh,https://twitter.com/dog_rates/status/826476773533745153/photo/1,12,10,Pilot,2017-01-31,17:06:32,doggo,4180,18399,https://pbs.twimg.com/media/C3g8M0lWIAEcFgn.jpg,1.0,german_shepherd,0.7418600000000001,True,tibetan_mastiff,0.122812,True,kelpie,0.10046,True
23,826204788643753985,"<a href=""http://twitter.com/download/iphone"" rel=""nofollow"">Twitter for iPhone</a>","Here's a little more info on Dew, your favorite roaming doggo that went h*ckin viral. 13/10 
https://t.co/1httNYrCeW https://t.co/KvaM8j3jhX","http://us.blastingnews.com/news/2017/01/kentucky-teen-helps-lost-yellow-labrador-and-gets-a-huge-surprise-001431969.html?sbdht=_pM1QUzk3wsenGU1giO7UnJ5NGGiKRW9AD5xs2MkaDpYY13JxbtKE4w2_,https://twitter.com/dog_rates/status/826204788643753985/photo/1,https://twitter.com/dog_rates/status/826204788643753985/photo/1,https://twitter.com/dog_rates/status/826204788643753985/photo/1,https://twitter.com/dog_rates/status/826204788643753985/photo/1",12,10,None,2017-01-30,23:05:46,doggo,922,4881,https://pbs.twimg.com/media/C3dEza1WcAAhlNU.jpg,2.0,labrador_retriever,0.782058,True,golden_retriever,0.156581,True,soft-coated_wheaten_terrier,0.00727512,True
24,821765923262631936,"<a href=""http://twitter.com/download/iphone"" rel=""nofollow"">Twitter for iPhone</a>",This is Duchess. She uses dark doggo forces to levitate her toys. 13/10 magical af https://t.co/maDNMETA52,https://twitter.com/dog_rates/status/821765923262631936/photo/1,12,10,Duchess,2017-01-18,17:07:18,doggo,1660,8437,https://pbs.twimg.com/media/C2d_vnHWEAE9phX.jpg,1.0,golden_retriever,0.980071,True,labrador_retriever,0.00875751,True,saluki,0.00180595,True
25,821421320206483457,"<a href=""http://twitter.com/download/iphone"" rel=""nofollow"">Twitter for iPhone</a>",RT @dog_rates: This is Sampson. He just graduated. Ready to be a doggo now. Time for the real world. 12/10 have fun with taxes https://t.co…,"https://twitter.com/dog_rates/status/782305867769217024/photo/1,https://twitter.com/dog_rates/status/782305867769217024/photo/1,https://twitter.com/dog_rates/status/782305867769217024/photo/1",12,10,Sampson,2017-01-17,18:17:58,doggo,5596,0,,,,,,,,,,,
26,821407182352777218,"<a href=""http://twitter.com/download/iphone"" rel=""nofollow"">Twitter for iPhone</a>",This is Sundance. He's a doggo drummer. Even sings a bit on the side. 14/10 entertained af (vid by @sweetsundance) https://t.co/Xn5AQtiqzG,https://twitter.com/dog_rates/status/821407182352777218/video/1,12,10,Sundance,2017-01-17,17:21:47,doggo,4341,11802,https://pbs.twimg.com/ext_tw_video_thumb/821407155391725568/pu/img/AJC07gFJDDBuwNTD.jpg,1.0,irish_setter,0.5054960000000001,True,vizsla,0.168747,True,chesapeake_bay_retriever,0.111311,True
27,821107785811234820,"<a href=""http://twitter.com/download/iphone"" rel=""nofollow"">Twitter for iPhone</a>",Here's a doggo who looks like he's about to give you a list of mythical ingredients to go collect for his potion. 11/10 would obey https://t.co/8SiwKDlRcl,https://twitter.com/dog_rates/status/821107785811234820/photo/1,11,10,None,2017-01-16,21:32:06,doggo,2136,9631,https://pbs.twimg.com/media/C2UpLA-UcAEK_Fz.jpg,1.0,pomeranian,0.85659,True,papillon,0.0385365,True,yorkshire_terrier,0.0331458,True
28,819924195358416896,"<a href=""http://twitter.com/download/iphone"" rel=""nofollow"">Twitter for iPhone</a>",Here we have a doggo who has messed up. He was hoping you wouldn't notice. 11/10 someone help him https://t.co/XdRNXNYD4E,https://twitter.com/dog_rates/status/819924195358416896/video/1,11,10,None,2017-01-13,15:08:56,doggo,4891,12970,https://pbs.twimg.com/ext_tw_video_thumb/819924138965999617/pu/img/6OIToyT9eLESHXLU.jpg,1.0,bathtub,0.100896,False,shower_curtain,0.0918664,False,tub,0.049176300000000006,False
29,819015337530290176,"<a href=""http://twitter.com/download/iphone"" rel=""nofollow"">Twitter for iPhone</a>",RT @dog_rates: This is Bo. He was a very good First Doggo. 14/10 would be an absolute honor to pet https://t.co/AdPKrI8BZ1,"https://twitter.com/dog_rates/status/819004803107983360/photo/1,https://twitter.com/dog_rates/status/819004803107983360/photo/1,https://twitter.com/dog_rates/status/819004803107983360/photo/1,https://twitter.com/dog_rates/status/819004803107983360/photo/1,https://twitter.com/dog_rates/status/819004803107983360/photo/1,https://twitter.com/dog_rates/status/819004803107983360/photo/1,https://twitter.com/dog_rates/status/819004803107983360/photo/1,https://twitter.com/dog_rates/status/819004803107983360/photo/1",12,10,Bo,2017-01-11,02:57:27,doggo,36998,0,https://pbs.twimg.com/media/C12whDoVEAALRxa.jpg,1.0,standard_poodle,0.351308,True,toy_poodle,0.271929,True,tibetan_terrier,0.0947592,True
30,819015331746349057,"<a href=""http://twitter.com/download/iphone"" rel=""nofollow"">Twitter for iPhone</a>",RT @dog_rates: This is Sunny. She was also a very good First Doggo. 14/10 would also be an absolute honor to pet https://t.co/YOC1fHFCSb,"https://twitter.com/dog_rates/status/819006400881917954/photo/1,https://twitter.com/dog_rates/status/819006400881917954/photo/1,https://twitter.com/dog_rates/status/819006400881917954/photo/1,https://twitter.com/dog_rates/status/819006400881917954/photo/1,https://twitter.com/dog_rates/status/819006400881917954/photo/1,https://twitter.com/dog_rates/status/819006400881917954/photo/1,https://twitter.com/dog_rates/status/819006400881917954/photo/1,https://twitter.com/dog_rates/status/819006400881917954/photo/1",12,10,Sunny,2017-01-11,02:57:26,doggo,19022,0,https://pbs.twimg.com/media/C12x-JTVIAAzdfl.jpg,4.0,prison,0.907083,False,palace,0.0200891,False,umbrella,0.00784954,False
31,819006400881917954,"<a href=""http://twitter.com/download/iphone"" rel=""nofollow"">Twitter for iPhone</a>",This is Sunny. She was also a very good First Doggo. 14/10 would also be an absolute honor to pet https://t.co/YOC1fHFCSb,"https://twitter.com/dog_rates/status/819006400881917954/photo/1,https://twitter.com/dog_rates/status/819006400881917954/photo/1,https://twitter.com/dog_rates/status/819006400881917954/photo/1,https://twitter.com/dog_rates/status/819006400881917954/photo/1",12,10,Sunny,2017-01-11,02:21:57,doggo,19022,45503,https://pbs.twimg.com/media/C12x-JTVIAAzdfl.jpg,4.0,prison,0.907083,False,palace,0.0200891,False,umbrella,0.00784954,False
32,819004803107983360,"<a href=""http://twitter.com/download/iphone"" rel=""nofollow"">Twitter for iPhone</a>",This is Bo. He was a very good First Doggo. 14/10 would be an absolute honor to pet https://t.co/AdPKrI8BZ1,"https://twitter.com/dog_rates/status/819004803107983360/photo/1,https://twitter.com/dog_rates/status/819004803107983360/photo/1,https://twitter.com/dog_rates/status/819004803107983360/photo/1,https://twitter.com/dog_rates/status/819004803107983360/photo/1",12,10,Bo,2017-01-11,02:15:36,doggo,36998,87286,https://pbs.twimg.com/media/C12whDoVEAALRxa.jpg,1.0,standard_poodle,0.351308,True,toy_poodle,0.271929,True,tibetan_terrier,0.0947592,True
33,817777686764523521,"<a href=""http://twitter.com/download/iphone"" rel=""nofollow"">Twitter for iPhone</a>","This is Dido. She's playing the lead role in ""Pupper Stops to Catch Snow Before Resuming Shadow Box with Dried Apple."" 13/10 (IG: didodoggo) https://t.co/m7isZrOBX7",https://twitter.com/dog_rates/status/817777686764523521/video/1,12,10,Dido,2017-01-07,16:59:28,doggo,2703,10804,https://pbs.twimg.com/ext_tw_video_thumb/817777588030476288/pu/img/KbuLpE4krHF4VdPf.jpg,1.0,curly-coated_retriever,0.733256,True,flat-coated_retriever,0.214145,True,irish_water_spaniel,0.029769,True
34,813910438903693312,"<a href=""http://twitter.com/download/iphone"" rel=""nofollow"">Twitter for iPhone</a>",This is Chubbs. He dug a hole and now he's stuck in it. Dang h*ckin doggo. 11/10 would assist https://t.co/z1VRj1cYZf,https://twitter.com/dog_rates/status/813910438903693312/photo/1,11,10,Chubbs,2016-12-28,00:52:25,doggo,1874,9362,https://pbs.twimg.com/media/C0uXObSXUAAIzmV.jpg,1.0,siberian_husky,0.6993550000000001,True,eskimo_dog,0.256433,True,norwegian_elkhound,0.0131888,True
35,813202720496779264,"<a href=""http://twitter.com/download/iphone"" rel=""nofollow"">Twitter for iPhone</a>",Here's a doggo who has concluded that Christmas is entirely too bright. Requests you tone it down a notch. 11/10 https://t.co/cD967DjnIn,https://twitter.com/dog_rates/status/813202720496779264/photo/1,11,10,None,2016-12-26,02:00:11,doggo,1827,9309,https://pbs.twimg.com/media/C0kTjqIXgAAqpRi.jpg,1.0,cocker_spaniel,0.701852,True,golden_retriever,0.120345,True,labrador_retriever,0.0363202,True
36,813127251579564032,"<a href=""http://twitter.com/download/iphone"" rel=""nofollow"">Twitter for iPhone</a>",Here's an anonymous doggo that appears to be very done with Christmas. 11/10 cheer up pup https://t.co/BzITyGw3JA,"https://twitter.com/dog_rates/status/813127251579564032/photo/1,https://twitter.com/dog_rates/status/813127251579564032/photo/1",11,10,None,2016-12-25,21:00:18,doggo,3159,11934,https://pbs.twimg.com/media/C0jO6aBWEAAM28r.jpg,1.0,norwegian_elkhound,0.432416,True,whippet,0.374223,True,siberian_husky,0.032462599999999994,True
37,813096984823349248,"<a href=""http://twitter.com/download/iphone"" rel=""nofollow"">Twitter for iPhone</a>",This is Rocky. He got triple-doggo-dared. Stuck af. 11/10 someone help him https://t.co/soNL00XWVu,https://twitter.com/dog_rates/status/813096984823349248/photo/1,11,10,Rocky,2016-12-25,19:00:02,doggo,3653,10656,https://pbs.twimg.com/media/C0izZULWgAAKD-F.jpg,1.0,great_dane,0.128056,True,boston_bull,0.117003,True,kelpie,0.08696430000000001,True
38,808106460588765185,"<a href=""http://twitter.com/download/iphone"" rel=""nofollow"">Twitter for iPhone</a>",Here we have Burke (pupper) and Dexter (doggo). Pupper wants to be exactly like doggo. Both 12/10 would pet at same time https://t.co/ANBpEYHaho,https://twitter.com/dog_rates/status/808106460588765185/photo/1,12,10,None,2016-12-12,00:29:28,doggo,2229,8878,https://pbs.twimg.com/media/Czb4iFRXgAIUMiN.jpg,1.0,golden_retriever,0.426183,True,labrador_retriever,0.257447,True,great_pyrenees,0.12648199999999998,True
39,802265048156610565,"<a href=""http://twitter.com/download/iphone"" rel=""nofollow"">Twitter for iPhone</a>","Like doggo, like pupper version 2. Both 11/10 https://t.co/9IxWAXFqze",https://twitter.com/dog_rates/status/802265048156610565/photo/1,11,10,None,2016-11-25,21:37:47,doggo,1387,6828,https://pbs.twimg.com/media/CyI3zXgWEAACQfB.jpg,1.0,labrador_retriever,0.8971620000000001,True,beagle,0.016894799999999998,True,rhodesian_ridgeback,0.0120606,True
40,801127390143516673,"<a href=""http://twitter.com/download/iphone"" rel=""nofollow"">Twitter for iPhone</a>",RT @dog_rates: This is Anakin. He strives to reach his full doggo potential. Born with blurry tail tho. 11/10 would still pet well https://…,https://twitter.com/dog_rates/status/775733305207554048/photo/1,11,10,Anakin,2016-11-22,18:17:08,doggo,3993,0,,,,,,,,,,,
41,801115127852503040,"<a href=""http://twitter.com/download/iphone"" rel=""nofollow"">Twitter for iPhone</a>",This is Bones. He's being haunted by another doggo of roughly the same size. 12/10 deep breaths pupper everything's fine https://t.co/55Dqe0SJNj,"https://twitter.com/dog_rates/status/801115127852503040/photo/1,https://twitter.com/dog_rates/status/801115127852503040/photo/1",12,10,Bones,2016-11-22,17:28:25,doggo,2119,8160,https://pbs.twimg.com/media/Cx4h7zHUsAAqaJd.jpg,1.0,dalmatian,0.823356,True,english_setter,0.0946019,True,bluetick,0.0219534,True
42,800859414831898624,"<a href=""http://twitter.com/download/iphone"" rel=""nofollow"">Twitter for iPhone</a>",@SkyWilliams doggo simply protecting you from evil that which you cannot see. 11/10 would give extra pets,,11,10,None,2016-11-22,00:32:18,doggo,98,693,,,,,,,,,,,
43,800018252395122689,"<a href=""http://twitter.com/download/iphone"" rel=""nofollow"">Twitter for iPhone</a>",Here's a doggo doin a struggle. 11/10 much determined https://t.co/gQqRBfkX4I,https://twitter.com/dog_rates/status/800018252395122689/video/1,11,10,None,2016-11-19,16:49:49,doggo,13300,28663,https://pbs.twimg.com/ext_tw_video_thumb/800018199223959552/pu/img/3Qp73edtkZO-qWPy.jpg,1.0,vacuum,0.289485,False,punching_bag,0.243297,False,barbell,0.14363,False
44,799757965289017345,"<a href=""http://twitter.com/download/iphone"" rel=""nofollow"">Twitter for iPhone</a>",This is Sobe. She's a h*ckin happy doggo. Only one leg tho. Must have good balance. 13/10 would smile back https://t.co/OiH8PaOxB1,"https://twitter.com/dog_rates/status/799757965289017345/photo/1,https://twitter.com/dog_rates/status/799757965289017345/photo/1,https://twitter.com/dog_rates/status/799757965289017345/photo/1,https://twitter.com/dog_rates/status/799757965289017345/photo/1",12,10,Sobe,2016-11-18,23:35:32,doggo,2188,8481,https://pbs.twimg.com/media/CxlPnoSUcAEXf1i.jpg,1.0,border_collie,0.442534,True,collie,0.288684,True,shetland_sheepdog,0.196399,True
45,796484825502875648,"<a href=""http://twitter.com/download/iphone"" rel=""nofollow"">Twitter for iPhone</a>",Here's a sleepy doggo that requested some assistance. 12/10 would carry everywhere https://t.co/bvkkqOjNDV,https://twitter.com/dog_rates/status/796484825502875648/photo/1,12,10,None,2016-11-09,22:49:15,doggo,1778,7648,https://pbs.twimg.com/media/Cw2uty8VQAAB0pL.jpg,1.0,cocker_spaniel,0.116924,True,seat_belt,0.107511,False,australian_terrier,0.0998434,True
46,795464331001561088,"<a href=""http://twitter.com/download/iphone"" rel=""nofollow"">Twitter for iPhone</a>",Elder doggo does a splash. Both 13/10 incredible stuff https://t.co/gBUDjdEcqz,https://twitter.com/dog_rates/status/795464331001561088/video/1,12,10,None,2016-11-07,03:14:10,doggo,23834,50047,https://pbs.twimg.com/ext_tw_video_thumb/795464066940764160/pu/img/jPkMMQXdydb7CqFX.jpg,1.0,golden_retriever,0.193082,True,chesapeake_bay_retriever,0.157927,True,soft-coated_wheaten_terrier,0.124684,True
47,786363235746385920,"<a href=""http://twitter.com/download/iphone"" rel=""nofollow"">Twitter for iPhone</a>",This is Rizzo. He has many talents. A true renaissance doggo. 13/10 entertaining af https://t.co/TVXpEJB7Wn,"https://twitter.com/dog_rates/status/786363235746385920/photo/1,https://twitter.com/dog_rates/status/786363235746385920/photo/1,https://twitter.com/dog_rates/status/786363235746385920/photo/1,https://twitter.com/dog_rates/status/786363235746385920/photo/1",12,10,Rizzo,2016-10-13,00:29:39,doggo,3525,10973,https://pbs.twimg.com/media/Cum5LlfWAAAyPcS.jpg,1.0,golden_retriever,0.929266,True,labrador_retriever,0.0628667,True,saluki,0.00215669,True
48,785639753186217984,"<a href=""http://twitter.com/download/iphone"" rel=""nofollow"">Twitter for iPhone</a>",This is Pinot. He's a sophisticated doggo. You can tell by the hat. Also pointier than your average pupper. Still 10/10 would pet cautiously https://t.co/f2wmLZTPHd,"https://twitter.com/dog_rates/status/785639753186217984/photo/1,https://twitter.com/dog_rates/status/785639753186217984/photo/1",10,10,Pinot,2016-10-11,00:34:48,doggo,2254,7910,https://pbs.twimg.com/media/CucnLmeWAAALOSC.jpg,1.0,porcupine,0.978042,False,sea_urchin,0.0061063,False,echidna,0.00544197,False
49,782747134529531904,"<a href=""http://twitter.com/download/iphone"" rel=""nofollow"">Twitter for iPhone</a>",This is Deacon. He's the happiest almost dry doggo I've ever seen. 11/10 would smile back https://t.co/C6fUMnHt1H,https://twitter.com/dog_rates/status/782747134529531904/photo/1,11,10,Deacon,2016-10-03,01:00:34,doggo,1417,7512,https://pbs.twimg.com/media/CtzgXgeXYAA1Gxw.jpg,1.0,golden_retriever,0.560699,True,otterhound,0.199482,True,clumber,0.0406818,True
50,782305867769217024,"<a href=""http://twitter.com/download/iphone"" rel=""nofollow"">Twitter for iPhone</a>",This is Sampson. He just graduated. Ready to be a doggo now. Time for the real world. 12/10 have fun with taxes https://t.co/pgVKxRw0s1,"https://twitter.com/dog_rates/status/782305867769217024/photo/1,https://twitter.com/dog_rates/status/782305867769217024/photo/1,https://twitter.com/dog_rates/status/782305867769217024/photo/1",12,10,Sampson,2016-10-01,19:47:08,doggo,5596,16739,https://pbs.twimg.com/media/CttPBt0WIAAcsDE.jpg,1.0,briard,0.5044270000000001,True,soft-coated_wheaten_terrier,0.390678,True,lhasa,0.0345955,True
51,781655249211752448,"<a href=""http://vine.co"" rel=""nofollow"">Vine - Make a Scene</a>",This is Combo. The daily struggles of being a doggo have finally caught up with him. 11/10 https://t.co/LOKrNo0OM7,https://vine.co/v/5rt6T3qm7hL,11,10,Combo,2016-09-30,00:41:48,doggo,1137,4010,,,,,,,,,,,
52,781308096455073793,"<a href=""http://vine.co"" rel=""nofollow"">Vine - Make a Scene</a>","Pupper butt 1, Doggo 0. Both 12/10 https://t.co/WQvcPEpH2u",https://vine.co/v/5rgu2Law2ut,12,10,None,2016-09-29,01:42:20,doggo,2568,7181,,,,,,,,,,,
53,780074436359819264,"<a href=""http://vine.co"" rel=""nofollow"">Vine - Make a Scene</a>",Here's a doggo questioning his entire existence. 10/10 someone tell him he's a good boy  https://t.co/dVm5Hgdpeb,https://vine.co/v/5nzYBpl0TY2,10,10,None,2016-09-25,16:00:13,doggo,4989,12229,,,,,,,,,,,
54,777953400541634568,"<a href=""http://twitter.com/download/iphone"" rel=""nofollow"">Twitter for iPhone</a>",RT @dog_rates: Meet Gerald. He's a fairly exotic doggo. Floofy af. Inadequate knees tho. Self conscious about large forehead. 8/10 https://…,https://twitter.com/dog_rates/status/768193404517830656/photo/1,10,10,Gerald,2016-09-19,19:31:59,doggo,3532,0,,,,,,,,,,,
55,775898661951791106,"<a href=""http://twitter.com/download/iphone"" rel=""nofollow"">Twitter for iPhone</a>","RT @dog_rates: Like father (doggo), like son (pupper). Both 12/10 https://t.co/pG2inLaOda","https://twitter.com/dog_rates/status/733109485275860992/photo/1,https://twitter.com/dog_rates/status/733109485275860992/photo/1",12,10,None,2016-09-14,03:27:11,doggo,16534,0,https://pbs.twimg.com/media/CiyHLocU4AI2pJu.jpg,1.0,golden_retriever,0.945523,True,labrador_retriever,0.0423191,True,doormat,0.00395626,False
56,775733305207554048,"<a href=""http://twitter.com/download/iphone"" rel=""nofollow"">Twitter for iPhone</a>",This is Anakin. He strives to reach his full doggo potential. Born with blurry tail tho. 11/10 would still pet well https://t.co/9CcBSxCXXG,https://twitter.com/dog_rates/status/775733305207554048/photo/1,11,10,Anakin,2016-09-13,16:30:07,doggo,3993,13908,https://pbs.twimg.com/media/CsP1UvaW8AExVSA.jpg,1.0,long-horned_beetle,0.6138520000000001,False,ox,0.0294728,False,rhinoceros_beetle,0.0278061,False
57,775364825476165632,"<a href=""http://twitter.com/download/iphone"" rel=""nofollow"">Twitter for iPhone</a>",This is Finley. He's an independent doggo still adjusting to life on his own. 11/10 https://t.co/7FNcBaKbci,"https://twitter.com/dog_rates/status/775364825476165632/photo/1,https://twitter.com/dog_rates/status/775364825476165632/photo/1,https://twitter.com/dog_rates/status/775364825476165632/photo/1,https://twitter.com/dog_rates/status/775364825476165632/photo/1",11,10,Finley,2016-09-12,16:05:54,doggo,2972,7418,https://pbs.twimg.com/media/CsKmMB2WAAAXcAy.jpg,3.0,beagle,0.571229,True,chihuahua,0.175257,True,pembroke,0.034306300000000005,True
58,771908950375665664,"<a href=""http://twitter.com/download/iphone"" rel=""nofollow"">Twitter for iPhone</a>","Doggo will persevere. 13/10
https://t.co/yOVzAomJ6k",https://twitter.com/yahoonews/status/771905568600719360,12,10,None,2016-09-03,03:13:29,doggo,1904,6598,,,,,,,,,,,
59,770093767776997377,"<a href=""http://twitter.com/download/iphone"" rel=""nofollow"">Twitter for iPhone</a>",RT @dog_rates: This is just downright precious af. 12/10 for both pupper and doggo https://t.co/o5J479bZUC,"https://twitter.com/dog_rates/status/741067306818797568/photo/1,https://twitter.com/dog_rates/status/741067306818797568/photo/1",12,10,just,2016-08-29,03:00:36,doggo,3049,0,https://pbs.twimg.com/media/CkjMx99UoAM2B1a.jpg,1.0,golden_retriever,0.843799,True,labrador_retriever,0.0529559,True,kelpie,0.0357111,True
60,768193404517830656,"<a href=""http://twitter.com/download/iphone"" rel=""nofollow"">Twitter for iPhone</a>",Meet Gerald. He's a fairly exotic doggo. Floofy af. Inadequate knees tho. Self conscious about large forehead. 8/10 https://t.co/WmczvjCWJq,https://twitter.com/dog_rates/status/768193404517830656/photo/1,10,10,Gerald,2016-08-23,21:09:14,doggo,3532,10862,https://pbs.twimg.com/media/Cqkr0wiW8AAn2Oi.jpg,1.0,lion,0.396984,False,ram,0.30085100000000004,False,cheetah,0.094474,False
61,767191397493538821,"<a href=""http://twitter.com/download/iphone"" rel=""nofollow"">Twitter for iPhone</a>",I don't know any of the backstory behind this picture but for some reason I'm crying. 13/10 for owner and doggo https://t.co/QOKZdus9TT,https://twitter.com/dog_rates/status/767191397493538821/photo/1,12,10,None,2016-08-21,02:47:37,doggo,3750,12299,https://pbs.twimg.com/media/CqWcgcqWcAI43jm.jpg,1.0,patio,0.708665,False,boathouse,0.110056,False,pier,0.039532300000000006,False
62,763956972077010945,"<a href=""http://twitter.com/download/iphone"" rel=""nofollow"">Twitter for iPhone</a>",@TheEllenShow I'm not sure if you know this but that doggo right there is a 12/10,,12,10,None,2016-08-12,04:35:10,doggo,54,758,,,,,,,,,,,
63,760893934457552897,"<a href=""http://twitter.com/download/iphone"" rel=""nofollow"">Twitter for iPhone</a>",This is Wishes. He has the day off. Daily struggles of being a doggo have finally caught up with him. 11/10 https://t.co/H9YgrUkYwa,https://twitter.com/dog_rates/status/760893934457552897/photo/1,11,10,Wishes,2016-08-03,17:43:45,doggo,970,3805,https://pbs.twimg.com/media/Co88_ujWEAErCg7.jpg,1.0,blenheim_spaniel,0.113992,True,cocker_spaniel,0.10578,True,borzoi,0.0739345,True
64,760521673607086080,"<a href=""http://vine.co"" rel=""nofollow"">Vine - Make a Scene</a>","Doggo want what doggo cannot have. Temptation strong, dog stronger. 12/10  https://t.co/IqyTF6qik6",https://vine.co/v/5ApKetxzmTB,12,10,None,2016-08-02,17:04:31,doggo,1382,4203,,,,,,,,,,,
65,759793422261743616,"<a href=""http://twitter.com/download/iphone"" rel=""nofollow"">Twitter for iPhone</a>","Meet Maggie &amp; Lila. Maggie is the doggo, Lila is the pupper. They are sisters. Both 12/10 would pet at the same time https://t.co/MYwR4DQKll","https://twitter.com/dog_rates/status/759793422261743616/photo/1,https://twitter.com/dog_rates/status/759793422261743616/photo/1",12,10,Maggie,2016-07-31,16:50:42,doggo,1894,5928,https://pbs.twimg.com/media/CotUFZEWcAA2Pku.jpg,2.0,golden_retriever,0.985876,True,labrador_retriever,0.00194777,True,kuvasz,0.00175174,True
66,758828659922702336,"<a href=""http://twitter.com/download/iphone"" rel=""nofollow"">Twitter for iPhone</a>",This doggo is just waiting for someone to be proud of her and her accomplishment. 13/10 legendary af https://t.co/9T2h14yn4Q,https://twitter.com/dog_rates/status/758828659922702336/photo/1,12,10,None,2016-07-29,00:57:05,doggo,3817,11174,https://pbs.twimg.com/media/Cofmom_VUAA4dRO.jpg,1.0,chesapeake_bay_retriever,0.480048,True,vizsla,0.264522,True,weimaraner,0.12184,True
67,757393109802180609,"<a href=""http://twitter.com/download/iphone"" rel=""nofollow"">Twitter for iPhone</a>",Here's a doggo completely oblivious to the double rainbow behind him. 10/10 someone tell him https://t.co/OfvRoD6ndV,"https://twitter.com/dog_rates/status/757393109802180609/photo/1,https://twitter.com/dog_rates/status/757393109802180609/photo/1,https://twitter.com/dog_rates/status/757393109802180609/photo/1,https://twitter.com/dog_rates/status/757393109802180609/photo/1",10,10,None,2016-07-25,01:52:43,doggo,1723,5779,https://pbs.twimg.com/media/CoLNAq6WAAAkmdJ.jpg,2.0,labrador_retriever,0.787125,True,chesapeake_bay_retriever,0.112676,True,rottweiler,0.0480386,True
68,756526248105566208,"<a href=""http://twitter.com/download/iphone"" rel=""nofollow"">Twitter for iPhone</a>",All hail sky doggo. 13/10 would jump super high to pet https://t.co/CsLRpqdeTF,https://twitter.com/dog_rates/status/756526248105566208/photo/1,12,10,None,2016-07-22,16:28:07,doggo,3553,10364,https://pbs.twimg.com/media/Cn-4m2CXYAErPGe.jpg,1.0,geyser,0.991273,False,volcano,0.00467251,False,fountain,0.00123403,False
69,755206590534418437,"<a href=""http://twitter.com/download/iphone"" rel=""nofollow"">Twitter for iPhone</a>",This is one of the most inspirational stories I've ever come across. I have no words. 14/10 for both doggo and owner https://t.co/I5ld3eKD5k,"https://twitter.com/dog_rates/status/755206590534418437/photo/1,https://twitter.com/dog_rates/status/755206590534418437/photo/1,https://twitter.com/dog_rates/status/755206590534418437/photo/1,https://twitter.com/dog_rates/status/755206590534418437/photo/1",12,10,one,2016-07-19,01:04:16,doggo,5319,16346,https://pbs.twimg.com/media/CnsIT0WWcAAul8V.jpg,1.0,web_site,0.906673,False,printer,0.00860027,False,carton,0.00453319,False
70,752682090207055872,"<a href=""http://twitter.com/download/iphone"" rel=""nofollow"">Twitter for iPhone</a>",Nothing better than a doggo and a sunset. 10/10 majestic af https://t.co/xVSodF19PS,"https://twitter.com/dog_rates/status/752682090207055872/photo/1,https://twitter.com/dog_rates/status/752682090207055872/photo/1",10,10,None,2016-07-12,01:52:49,doggo,1580,5968,https://pbs.twimg.com/media/CnIQXdYWgAAnsZZ.jpg,2.0,german_shepherd,0.299966,True,eskimo_dog,0.278355,True,siberian_husky,0.17852,True
71,752660715232722944,"<a href=""http://twitter.com/download/iphone"" rel=""nofollow"">Twitter for iPhone</a>","Hooman used Pokeball
*wiggle*
*wiggle*
Doggo broke free 
10/10 https://t.co/bWSgqnwSHr","https://twitter.com/dog_rates/status/752660715232722944/photo/1,https://twitter.com/dog_rates/status/752660715232722944/photo/1",10,10,None,2016-07-12,00:27:52,doggo,1542,4352,https://pbs.twimg.com/media/CnH87L6XYAAF7I_.jpg,2.0,goose,0.339324,False,english_setter,0.0505118,True,basset,0.049093300000000006,True
72,752334515931054080,"<a href=""http://twitter.com/download/iphone"" rel=""nofollow"">Twitter for iPhone</a>",Here's a doggo trying to catch some fish. 8/10 futile af (vid by @KellyBauerx) https://t.co/jwd0j6oWLE,https://twitter.com/dog_rates/status/752334515931054080/video/1,10,10,None,2016-07-11,02:51:40,doggo,1084,3786,https://pbs.twimg.com/ext_tw_video_thumb/752334354492362752/pu/img/uWISPc0YRmhUi9Ju.jpg,1.0,bedlington_terrier,0.399163,True,standard_poodle,0.08642489999999999,True,wire-haired_fox_terrier,0.07523110000000001,True
73,751583847268179968,"<a href=""http://twitter.com/download/iphone"" rel=""nofollow"">Twitter for iPhone</a>",Please stop sending it pictures that don't even have a doggo or pupper in them. Churlish af. 5/10 neat couch tho https://t.co/u2c9c7qSg8,https://twitter.com/dog_rates/status/751583847268179968/photo/1,10,10,None,2016-07-09,01:08:47,doggo,1090,4361,https://pbs.twimg.com/media/Cm4phTpWcAAgLsr.jpg,1.0,dalmatian,0.8683040000000001,True,studio_couch,0.059623,False,snow_leopard,0.0138763,False
74,750381685133418496,"<a href=""http://twitter.com/download/iphone"" rel=""nofollow"">Twitter for iPhone</a>","13/10 such a good doggo
@spaghemily",,12,10,None,2016-07-05,17:31:49,doggo,27,688,,,,,,,,,,,
75,750011400160841729,"<a href=""https://about.twitter.com/products/tweetdeck"" rel=""nofollow"">TweetDeck</a>",Meet Piper. She's an airport doggo. Please return your tray table to its full pupright and locked position. 11/10 https://t.co/D17IAcetmM,https://twitter.com/dog_rates/status/750011400160841729/photo/1,11,10,Piper,2016-07-04,17:00:26,doggo,896,3225,https://pbs.twimg.com/media/CmfmvGUWgAAuVKD.jpg,1.0,muzzle,0.23762,False,boston_bull,0.0871498,True,sombrero,0.0685099,False
76,749075273010798592,"<a href=""http://vine.co"" rel=""nofollow"">Vine - Make a Scene</a>",This is Boomer. He's self-baptizing. Other doggo not ready to renounce sins. 11/10 spiritually awakened af https://t.co/cRTJiQQk9o,https://vine.co/v/5ztZvHgI17r,11,10,Boomer,2016-07-02,03:00:36,doggo,2052,5711,,,,,,,,,,,
77,748932637671223296,"<a href=""http://twitter.com/download/iphone"" rel=""nofollow"">Twitter for iPhone</a>",Say hello to Divine Doggo. Must be magical af. 13/10 would be an honor to pet https://t.co/BbcABzohKb,https://twitter.com/dog_rates/status/748932637671223296/photo/1,12,10,Divine,2016-07-01,17:33:49,doggo,2218,5760,https://pbs.twimg.com/media/CmS-QkQWAAAkUa-.jpg,1.0,borzoi,0.742912,True,wire-haired_fox_terrier,0.204082,True,english_setter,0.0210323,True
78,748692773788876800,"<a href=""http://twitter.com/download/iphone"" rel=""nofollow"">Twitter for iPhone</a>",That is Quizno. This is his beach. He does not tolerate human shenanigans on his beach. 10/10 reclaim ur land doggo https://t.co/vdr7DaRSa7,https://twitter.com/dog_rates/status/748692773788876800/photo/1,10,10,his,2016-07-01,01:40:41,doggo,1319,4207,https://pbs.twimg.com/media/CmPkGhFXEAABO1n.jpg,1.0,ox,0.337871,False,plow,0.269287,False,oxcart,0.245653,False
79,745433870967832576,"<a href=""http://twitter.com/download/iphone"" rel=""nofollow"">Twitter for iPhone</a>",This is Lenox. She's in a wheelbarrow. Silly doggo. You don't belong there. 10/10 would push around https://t.co/oYbVR4nBsR,"https://twitter.com/dog_rates/status/745433870967832576/photo/1,https://twitter.com/dog_rates/status/745433870967832576/photo/1,https://twitter.com/dog_rates/status/745433870967832576/photo/1",10,10,Lenox,2016-06-22,01:50:58,doggo,2504,6996,https://pbs.twimg.com/media/ClhQJUUWAAEVpBX.jpg,1.0,barrow,0.999962,False,basset,1.44895e-05,True,wok,6.060880000000002e-06,False
80,744234799360020481,"<a href=""http://twitter.com/download/iphone"" rel=""nofollow"">Twitter for iPhone</a>",Here's a doggo realizing you can stand in a pool. 13/10 enlightened af (vid by Tina Conrad) https://t.co/7wE9LTEXC4,https://twitter.com/dog_rates/status/744234799360020481/video/1,12,10,None,2016-06-18,18:26:18,doggo,76681,154433,https://pbs.twimg.com/ext_tw_video_thumb/744234667679821824/pu/img/1GaWmtJtdqzZV7jy.jpg,1.0,labrador_retriever,0.825333,True,ice_bear,0.044680800000000014,False,whippet,0.0184422,True
81,742534281772302336,"<a href=""http://vine.co"" rel=""nofollow"">Vine - Make a Scene</a>","For anyone who's wondering, this is what happens after a doggo catches it's tail... 11/10 https://t.co/G4fNhzelDv",https://vine.co/v/iLTZmtE1FTB,11,10,None,2016-06-14,01:49:03,doggo,3519,6993,,,,,,,,,,,
82,741067306818797568,"<a href=""http://twitter.com/download/iphone"" rel=""nofollow"">Twitter for iPhone</a>",This is just downright precious af. 12/10 for both pupper and doggo https://t.co/o5J479bZUC,https://twitter.com/dog_rates/status/741067306818797568/photo/1,12,10,just,2016-06-10,00:39:48,doggo,3049,9395,https://pbs.twimg.com/media/CkjMx99UoAM2B1a.jpg,1.0,golden_retriever,0.843799,True,labrador_retriever,0.0529559,True,kelpie,0.0357111,True
83,739623569819336705,"<a href=""http://vine.co"" rel=""nofollow"">Vine - Make a Scene</a>",Here's a doggo that don't need no human. 12/10 independent af (vid by @MichelleLiuCee) https://t.co/vdgtdb6rON,https://vine.co/v/iY9Fr1I31U6,12,10,None,2016-06-06,01:02:55,doggo,1333,3719,,,,,,,,,,,
84,739238157791694849,"<a href=""http://twitter.com/download/iphone"" rel=""nofollow"">Twitter for iPhone</a>",Here's a doggo blowing bubbles. It's downright legendary. 13/10 would watch on repeat forever (vid by Kent Duryee) https://t.co/YcXgHfp1EC,https://twitter.com/dog_rates/status/739238157791694849/video/1,12,10,None,2016-06-04,23:31:25,doggo,56981,114208,https://pbs.twimg.com/ext_tw_video_thumb/739238016737267712/pu/img/-tLpyiuIzD5zR1et.jpg,1.0,eskimo_dog,0.503372,True,siberian_husky,0.390413,True,malamute,0.08090119999999999,True
85,735256018284875776,"<a href=""http://twitter.com/download/iphone"" rel=""nofollow"">Twitter for iPhone</a>",This is Kellogg. He accidentally opened the front facing camera. 8/10 get it together doggo https://t.co/MRYv7nDPyS,https://twitter.com/dog_rates/status/735256018284875776/photo/1,10,10,Kellogg,2016-05-24,23:47:49,doggo,862,3274,https://pbs.twimg.com/media/CjQnclkVEAA4pnK.jpg,1.0,staffordshire_bullterrier,0.523191,True,french_bulldog,0.351104,True,doormat,0.0280753,False
86,733109485275860992,"<a href=""http://twitter.com/download/iphone"" rel=""nofollow"">Twitter for iPhone</a>","Like father (doggo), like son (pupper). Both 12/10 https://t.co/pG2inLaOda",https://twitter.com/dog_rates/status/733109485275860992/photo/1,12,10,None,2016-05-19,01:38:16,doggo,16534,49418,https://pbs.twimg.com/media/CiyHLocU4AI2pJu.jpg,1.0,golden_retriever,0.945523,True,labrador_retriever,0.0423191,True,doormat,0.00395626,False
87,732375214819057664,"<a href=""http://twitter.com/download/iphone"" rel=""nofollow"">Twitter for iPhone</a>",This is Kyle (pronounced 'Mitch'). He strives to be the best doggo he can be. 11/10 would pat on head approvingly https://t.co/aA2GiTGvlE,https://twitter.com/dog_rates/status/732375214819057664/photo/1,11,10,Kyle,2016-05-17,01:00:32,doggo,2465,7946,https://pbs.twimg.com/media/CinrX2EWkAABDYt.jpg,1.0,tennis_ball,0.998673,False,basset,0.000547053,True,golden_retriever,0.00035998,True
88,727644517743104000,"<a href=""http://twitter.com/download/iphone"" rel=""nofollow"">Twitter for iPhone</a>",Here's a doggo struggling to cope with the winds. 13/10 https://t.co/qv3aUwaouT,"https://twitter.com/dog_rates/status/727644517743104000/photo/1,https://twitter.com/dog_rates/status/727644517743104000/photo/1",12,10,None,2016-05-03,23:42:26,doggo,1710,5760,https://pbs.twimg.com/media/Chkc1BQUoAAa96R.jpg,2.0,great_pyrenees,0.457164,True,kuvasz,0.39171,True,labrador_retriever,0.0945226,True
89,724771698126512129,"<a href=""http://twitter.com/download/iphone"" rel=""nofollow"">Twitter for iPhone</a>",Nothin better than a doggo and a sunset. 11/10 https://t.co/JlFqOhrHEs,"https://twitter.com/dog_rates/status/724771698126512129/photo/1,https://twitter.com/dog_rates/status/724771698126512129/photo/1,https://twitter.com/dog_rates/status/724771698126512129/photo/1,https://twitter.com/dog_rates/status/724771698126512129/photo/1",11,10,None,2016-04-26,01:26:53,doggo,623,2304,https://pbs.twimg.com/media/Cg7n_-OU8AA5RR1.jpg,2.0,german_short-haired_pointer,0.835491,True,bluetick,0.058788,True,english_setter,0.0372083,True
90,719991154352222208,"<a href=""http://twitter.com/download/iphone"" rel=""nofollow"">Twitter for iPhone</a>",This doggo was initially thrilled when she saw the happy cartoon pup but quickly realized she'd been deceived. 10/10 https://t.co/mvnBGaWULV,"https://twitter.com/dog_rates/status/719991154352222208/photo/1,https://twitter.com/dog_rates/status/719991154352222208/photo/1",10,10,None,2016-04-12,20:50:42,doggo,1704,4749,https://pbs.twimg.com/media/Cf3sH62VAAA-LiP.jpg,2.0,golden_retriever,0.605304,True,cocker_spaniel,0.130948,True,labrador_retriever,0.0946916,True
91,716080869887381504,"<a href=""http://twitter.com/download/iphone"" rel=""nofollow"">Twitter for iPhone</a>",Here's a super majestic doggo and a sunset 11/10 https://t.co/UACnoyi8zu,"https://twitter.com/dog_rates/status/716080869887381504/photo/1,https://twitter.com/dog_rates/status/716080869887381504/photo/1",11,10,None,2016-04-02,01:52:38,doggo,1857,6648,https://pbs.twimg.com/media/CfAHv83UMAIEQYx.jpg,1.0,golden_retriever,0.638625,True,chow,0.254717,True,tibetan_mastiff,0.0717317,True
92,854010172552949760,"<a href=""http://twitter.com/download/iphone"" rel=""nofollow"">Twitter for iPhone</a>","At first I thought this was a shy doggo, but it's actually a Rare Canadian Floofer Owl. Amateurs would confuse the two. 11/10 only send dogs https://t.co/TXdT3tmuYk","https://twitter.com/dog_rates/status/854010172552949760/photo/1,https://twitter.com/dog_rates/status/854010172552949760/photo/1",11,10,None,2017-04-17,16:34:26,floofer,3016,15704,https://pbs.twimg.com/media/C9oNt91WAAAFSLS.jpg,1.0,english_springer,0.354733,True,collie,0.177538,True,border_collie,0.131706,True
93,800388270626521089,"<a href=""http://twitter.com/download/iphone"" rel=""nofollow"">Twitter for iPhone</a>",This is Doc. He takes time out of every day to worship our plant overlords. 12/10 quite the floofer https://t.co/azMneS6Ly5,"https://twitter.com/dog_rates/status/800388270626521089/photo/1,https://twitter.com/dog_rates/status/800388270626521089/photo/1,https://twitter.com/dog_rates/status/800388270626521089/photo/1",12,10,Doc,2016-11-20,17:20:08,floofer,2839,11262,https://pbs.twimg.com/media/CxuM3oZW8AEhO5z.jpg,2.0,golden_retriever,0.35986,True,pembroke,0.194207,True,collie,0.154603,True
94,776218204058357768,"<a href=""http://twitter.com/download/iphone"" rel=""nofollow"">Twitter for iPhone</a>",Atlas rolled around in some chalk and now he's a magical rainbow floofer. 13/10 please never take a bath https://t.co/nzqTNw0744,"https://twitter.com/dog_rates/status/776218204058357768/photo/1,https://twitter.com/dog_rates/status/776218204058357768/photo/1,https://twitter.com/dog_rates/status/776218204058357768/photo/1",12,10,None,2016-09-15,00:36:55,floofer,15886,29939,https://pbs.twimg.com/media/CsWuVEdWcAAqbe9.jpg,1.0,samoyed,0.940326,True,pomeranian,0.055527199999999985,True,keeshond,0.00222635,True
95,749317047558017024,"<a href=""http://twitter.com/download/iphone"" rel=""nofollow"">Twitter for iPhone</a>",This is Blu. He's a wild bush Floofer. I wish anything made me as happy as bushes make Blu. 12/10 would frolic with https://t.co/HHUAnBb6QB,https://twitter.com/dog_rates/status/749317047558017024/video/1,12,10,Blu,2016-07-02,19:01:20,floofer,2215,5452,https://pbs.twimg.com/ext_tw_video_thumb/749316899712950272/pu/img/nvZI9mkoAxt89sul.jpg,1.0,wire-haired_fox_terrier,0.155144,True,lakeland_terrier,0.108382,True,buckeye,0.0746167,False
96,746542875601690625,"<a href=""http://vine.co"" rel=""nofollow"">Vine - Make a Scene</a>",Here's a golden floofer helping with the groceries. Bed got in way. Still 11/10 helpful af (vid by @categoen) https://t.co/6ZRoZUWFmd,https://vine.co/v/5uZYwqmuDeT,11,10,None,2016-06-25,03:17:46,floofer,1856,4981,,,,,,,,,,,
97,737445876994609152,"<a href=""http://twitter.com/download/iphone"" rel=""nofollow"">Twitter for iPhone</a>",Just wanted to share this super rare Rainbow Floofer in case you guys haven't seen it yet. 13/10 colorful af https://t.co/CaG9MzD3WT,https://twitter.com/dog_rates/status/737445876994609152/photo/1,12,10,None,2016-05-31,00:49:32,floofer,4380,10090,https://pbs.twimg.com/media/CjvvHBwUoAE55WZ.jpg,1.0,samoyed,0.400568,True,pomeranian,0.331268,True,maltese_dog,0.0454261,True
98,733822306246479872,"<a href=""http://twitter.com/download/iphone"" rel=""nofollow"">Twitter for iPhone</a>",This is Moose. He's a Polynesian Floofer. Dapper af. 10/10 would pet diligently https://t.co/mVfqRdppTL,https://twitter.com/dog_rates/status/733822306246479872/photo/1,10,10,Moose,2016-05-21,00:50:46,floofer,1005,3606,https://pbs.twimg.com/media/Ci8Pfg_UUAA2m9i.jpg,1.0,lhasa,0.457356,True,shih-tzu,0.371282,True,tibetan_terrier,0.048359,True
99,689993469801164801,"<a href=""http://vine.co"" rel=""nofollow"">Vine - Make a Scene</a>",Here we are witnessing a rare High Stepping Alaskan Floofer. 12/10 dangerously petable (vid by @TheMrsNux) https://t.co/K4s9IJh2jm,https://vine.co/v/ienexVMZgi5,12,10,None,2016-01-21,02:10:37,floofer,443,1437,,,,,,,,,,,
100,685307451701334016,"<a href=""http://twitter.com/download/iphone"" rel=""nofollow"">Twitter for iPhone</a>",Say hello to Petrick. He's an Altostratus Floofer. Just had a run in with a trash bag. Groovy checkered floor. 11/10 https://t.co/rwW7z1JAOF,https://twitter.com/dog_rates/status/685307451701334016/photo/1,11,10,Petrick,2016-01-08,03:50:03,floofer,433,2040,https://pbs.twimg.com/media/CYKzfTTWMAEeTN7.jpg,1.0,pomeranian,0.963176,True,shetland_sheepdog,0.0194683,True,keeshond,0.00860493,True
101,877611172832227328,"<a href=""http://twitter.com/download/iphone"" rel=""nofollow"">Twitter for iPhone</a>",RT @rachel2195: @dog_rates the boyfriend and his soaking wet pupper h*cking love his new hat 14/10 https://t.co/dJx4Gzc50G,"https://twitter.com/rachel2195/status/876850772322988033/photo/1,https://twitter.com/rachel2195/status/876850772322988033/photo/1,https://twitter.com/rachel2195/status/876850772322988033/photo/1,https://twitter.com/rachel2195/status/876850772322988033/photo/1",12,10,None,2017-06-21,19:36:23,pupper,72,0,https://pbs.twimg.com/media/DCszHgmW0AAmIpT.jpg,1.0,irish_setter,0.364729,True,golden_retriever,0.202907,True,irish_terrier,0.107473,True
102,876838120628539392,"<a href=""http://twitter.com/download/iphone"" rel=""nofollow"">Twitter for iPhone</a>",This is Ginger. She's having a ruff Monday. Too many pupper things going on. H*ckin exhausting. 12/10 would snug passionately https://t.co/j211oCDRs6,"https://twitter.com/dog_rates/status/876838120628539392/photo/1,https://twitter.com/dog_rates/status/876838120628539392/photo/1",12,10,Ginger,2017-06-19,16:24:33,pupper,3021,19262,https://pbs.twimg.com/media/DCsnnZsVwAEfkyi.jpg,1.0,bloodhound,0.575751,True,redbone,0.24097,True,tibetan_mastiff,0.08893480000000001,True
103,874296783580663808,"<a href=""http://twitter.com/download/iphone"" rel=""nofollow"">Twitter for iPhone</a>",This is Jed. He may be the fanciest pupper in the game right now. Knows it too. 13/10 would sign modeling contract https://t.co/0YplNnSMEm,https://twitter.com/dog_rates/status/874296783580663808/photo/1,12,10,Jed,2017-06-12,16:06:11,pupper,3737,24300,https://pbs.twimg.com/media/DCIgSR0XgAANEOY.jpg,1.0,cocker_spaniel,0.437216,True,miniature_poodle,0.277191,True,toy_poodle,0.157402,True
104,873337748698140672,"<a href=""http://twitter.com/download/iphone"" rel=""nofollow"">Twitter for iPhone</a>","RT @dog_rates: This is Sierra. She's one precious pupper. Absolute 12/10. Been in and out of ICU her whole life. Help Sierra below

https:/…","https://www.gofundme.com/help-my-baby-sierra-get-better,https://twitter.com/dog_rates/status/873213775632977920/photo/1,https://twitter.com/dog_rates/status/873213775632977920/photo/1",12,10,Sierra,2017-06-10,00:35:19,pupper,1441,0,,,,,,,,,,,
105,873213775632977920,"<a href=""http://twitter.com/download/iphone"" rel=""nofollow"">Twitter for iPhone</a>","This is Sierra. She's one precious pupper. Absolute 12/10. Been in and out of ICU her whole life. Help Sierra below

https://t.co/Xp01EU3qyD https://t.co/V5lkvrGLdQ","https://www.gofundme.com/help-my-baby-sierra-get-better,https://twitter.com/dog_rates/status/873213775632977920/photo/1,https://twitter.com/dog_rates/status/873213775632977920/photo/1",12,10,Sierra,2017-06-09,16:22:42,pupper,1441,6684,https://pbs.twimg.com/media/DB5HTBGXUAE0TiK.jpg,1.0,vizsla,0.6197819999999999,True,bloodhound,0.338069,True,chesapeake_bay_retriever,0.0126763,True
106,871762521631449091,"<a href=""http://twitter.com/download/iphone"" rel=""nofollow"">Twitter for iPhone</a>",This is Rover. As part of pupper protocol he had to at least attempt to eat the plant. Confirmed not tasty. Needs peanut butter. 12/10 https://t.co/AiVljI6QCg,"https://twitter.com/dog_rates/status/871762521631449091/photo/1,https://twitter.com/dog_rates/status/871762521631449091/photo/1,https://twitter.com/dog_rates/status/871762521631449091/photo/1",12,10,Rover,2017-06-05,16:15:56,pupper,3176,18922,https://pbs.twimg.com/media/DBkfY58XcAEdzZy.jpg,2.0,labrador_retriever,0.921393,True,golden_retriever,0.064608,True,bloodhound,0.00338337,True
107,866450705531457537,"<a href=""http://twitter.com/download/iphone"" rel=""nofollow"">Twitter for iPhone</a>","This is Jamesy. He gives a kiss to every other pupper he sees on his walk. 13/10 such passion, much tender https://t.co/wk7TfysWHr","https://twitter.com/dog_rates/status/866450705531457537/photo/1,https://twitter.com/dog_rates/status/866450705531457537/photo/1",12,10,Jamesy,2017-05-22,00:28:40,pupper,32539,115346,https://pbs.twimg.com/media/DAZAUfBXcAAG_Nn.jpg,2.0,french_bulldog,0.905334,True,boston_bull,0.0780597,True,pug,0.00177092,True
108,866094527597207552,"<a href=""http://twitter.com/download/iphone"" rel=""nofollow"">Twitter for iPhone</a>","RT @dog_rates: Here's a pupper before and after being asked ""who's a good girl?"" Unsure as h*ck. 12/10 hint hint it's you https://t.co/ORiK…","https://twitter.com/dog_rates/status/837820167694528512/photo/1,https://twitter.com/dog_rates/status/837820167694528512/photo/1",12,10,None,2017-05-21,00:53:21,pupper,7746,0,,,,,,,,,,,
109,854120357044912130,"<a href=""http://twitter.com/download/iphone"" rel=""nofollow"">Twitter for iPhone</a>",Sometimes you guys remind me just how impactful a pupper can be. Cooper will be remembered as a good boy by so many. 14/10 rest easy friend https://t.co/oBL7LEJEzR,"https://twitter.com/dog_rates/status/854120357044912130/photo/1,https://twitter.com/dog_rates/status/854120357044912130/photo/1,https://twitter.com/dog_rates/status/854120357044912130/photo/1,https://twitter.com/dog_rates/status/854120357044912130/photo/1",12,10,None,2017-04-17,23:52:16,pupper,7139,30915,https://pbs.twimg.com/media/C9px7jyVwAAnmwN.jpg,4.0,black-and-tan_coonhound,0.8548610000000001,True,doberman,0.0507918,True,bluetick,0.0217617,True
110,850019790995546112,"<a href=""http://twitter.com/download/iphone"" rel=""nofollow"">Twitter for iPhone</a>",Say hello to Boomer. He's a sandy pupper. Having a h*ckin blast. 12/10 would pet passionately https://t.co/ecb3LvExde,"https://twitter.com/dog_rates/status/850019790995546112/photo/1,https://twitter.com/dog_rates/status/850019790995546112/photo/1,https://twitter.com/dog_rates/status/850019790995546112/photo/1",12,10,Boomer,2017-04-06,16:18:05,pupper,4716,19919,https://pbs.twimg.com/media/C8vgfTsXgAA561h.jpg,3.0,shetland_sheepdog,0.759907,True,collie,0.107405,True,pembroke,0.052335300000000015,True
111,849668094696017920,"<a href=""http://twitter.com/download/iphone"" rel=""nofollow"">Twitter for iPhone</a>",RT @dog_rates: This is Gidget. She's a spy pupper. Stealthy as h*ck. Must've slipped pup and got caught. 12/10 would forgive then pet https…,"https://twitter.com/dog_rates/status/833124694597443584/photo/1,https://twitter.com/dog_rates/status/833124694597443584/photo/1,https://twitter.com/dog_rates/status/833124694597443584/photo/1",12,10,Gidget,2017-04-05,17:00:34,pupper,4791,0,,,,,,,,,,,
112,845306882940190720,"<a href=""http://twitter.com/download/iphone"" rel=""nofollow"">Twitter for iPhone</a>",This is Pickles. She's a silly pupper. Thinks she's a dish. 12/10 would dry https://t.co/7mPCF4ZwEk,https://twitter.com/dog_rates/status/845306882940190720/photo/1,12,10,Pickles,2017-03-24,16:10:40,pupper,5263,22954,https://pbs.twimg.com/media/C7siH5DXkAACnDT.jpg,1.0,irish_water_spaniel,0.567475,True,labrador_retriever,0.169496,True,curly-coated_retriever,0.101518,True
113,839290600511926273,"<a href=""http://twitter.com/download/iphone"" rel=""nofollow"">Twitter for iPhone</a>",RT @alexmartindawg: THE DRINK IS DR. PUPPER 10/10 good pun @matt___nelson @GoodDogsGame https://t.co/act3duiqbL,"https://twitter.com/alexmartindawg/status/839289919298224128/photo/1,https://twitter.com/alexmartindawg/status/839289919298224128/photo/1,https://twitter.com/alexmartindawg/status/839289919298224128/photo/1,https://twitter.com/alexmartindawg/status/839289919298224128/photo/1",10,10,None,2017-03-08,01:44:07,pupper,140,0,https://pbs.twimg.com/media/C6XBt9XXEAEEW9U.jpg,1.0,web_site,0.670892,False,monitor,0.101565,False,screen,0.0753061,False
114,837820167694528512,"<a href=""http://twitter.com/download/iphone"" rel=""nofollow"">Twitter for iPhone</a>","Here's a pupper before and after being asked ""who's a good girl?"" Unsure as h*ck. 12/10 hint hint it's you https://t.co/ORiK6jlgdH","https://twitter.com/dog_rates/status/837820167694528512/photo/1,https://twitter.com/dog_rates/status/837820167694528512/photo/1",12,10,None,2017-03-04,00:21:08,pupper,7746,33772,https://pbs.twimg.com/media/C6CI_jbVAAA3-a1.jpg,1.0,golden_retriever,0.887625,True,labrador_retriever,0.0687175,True,kuvasz,0.0303868,True
115,837110210464448512,"<a href=""http://twitter.com/download/iphone"" rel=""nofollow"">Twitter for iPhone</a>",This is Clark. He passed pupper training today. Round of appaws for Clark. 13/10 https://t.co/7pUjwe8X6B,https://twitter.com/dog_rates/status/837110210464448512/photo/1,12,10,Clark,2017-03-02,01:20:01,pupper,2337,15929,https://pbs.twimg.com/media/C54DS1kXQAEU5pS.jpg,1.0,siberian_husky,0.767696,True,eskimo_dog,0.217079,True,malamute,0.0116568,True
116,836380477523124226,"<a href=""http://twitter.com/download/iphone"" rel=""nofollow"">Twitter for iPhone</a>","This is Ava. She just blasted off. Streamline af. Aerodynamic as h*ck. One small step for pupper, one giant leap for pupkind. 12/10 https://t.co/W4KffrdX3Q",https://twitter.com/dog_rates/status/836380477523124226/photo/1,12,10,Ava,2017-02-28,01:00:19,pupper,2954,14664,https://pbs.twimg.com/media/C5trm6iWgAQ22Hw.jpg,1.0,wooden_spoon,0.08248860000000001,False,sliding_door,0.0610165,False,grand_piano,0.0550861,False
117,833124694597443584,"<a href=""http://twitter.com/download/iphone"" rel=""nofollow"">Twitter for iPhone</a>",This is Gidget. She's a spy pupper. Stealthy as h*ck. Must've slipped pup and got caught. 12/10 would forgive then pet https://t.co/zD97KYFaFa,"https://twitter.com/dog_rates/status/833124694597443584/photo/1,https://twitter.com/dog_rates/status/833124694597443584/photo/1,https://twitter.com/dog_rates/status/833124694597443584/photo/1",12,10,Gidget,2017-02-19,01:23:00,pupper,4791,20087,https://pbs.twimg.com/media/C4_ad1IUoAEspsk.jpg,3.0,cardigan,0.7105229999999999,True,kelpie,0.106102,True,shopping_cart,0.0554755,False
118,831315979191906304,"<a href=""http://twitter.com"" rel=""nofollow"">Twitter Web Client</a>",I couldn't make it to the #WKCDogShow BUT I have people there on the ground relaying me the finest pupper pics possible. 13/10 for all https://t.co/jd6lYhfdH4,"https://twitter.com/dog_rates/status/831315979191906304/photo/1,https://twitter.com/dog_rates/status/831315979191906304/photo/1,https://twitter.com/dog_rates/status/831315979191906304/photo/1,https://twitter.com/dog_rates/status/831315979191906304/photo/1",12,10,None,2017-02-14,01:35:49,pupper,1120,6520,https://pbs.twimg.com/media/C4lst0bXAAE6MP8.jpg,4.0,briard,0.982755,True,soft-coated_wheaten_terrier,0.00908435,True,bouvier_des_flandres,0.0046928,True
119,827933404142436356,"<a href=""http://twitter.com/download/iphone"" rel=""nofollow"">Twitter for iPhone</a>",This is Kona. Yesterday she stopped by the department to see what it takes to be a police pupper. 12/10 vest was only a smidge too big https://t.co/j8D3PQJvpJ,"https://twitter.com/dog_rates/status/827933404142436356/photo/1,https://twitter.com/dog_rates/status/827933404142436356/photo/1,https://twitter.com/dog_rates/status/827933404142436356/photo/1",12,10,Kona,2017-02-04,17:34:40,pupper,5229,20072,https://pbs.twimg.com/media/C31pCN4UcAAOLNH.jpg,2.0,german_shepherd,0.8061149999999999,True,tibetan_mastiff,0.104831,True,kelpie,0.0381482,True
120,824325613288833024,"<a href=""http://twitter.com/download/iphone"" rel=""nofollow"">Twitter for iPhone</a>",Retweet the h*ck out of this 13/10 pupper #BellLetsTalk https://t.co/wBmc7OaGvS,https://twitter.com/dog_rates/status/824325613288833024/photo/1,12,10,None,2017-01-25,18:38:36,pupper,10530,11858,https://pbs.twimg.com/media/C3CXxaoWQAAiLuC.jpg,1.0,pembroke,0.990793,True,cardigan,0.00891939,True,basenji,0.000262264,True
121,822462944365645825,"<a href=""http://twitter.com/download/iphone"" rel=""nofollow"">Twitter for iPhone</a>","This is Gabe. He was the unequivocal embodiment of a dream meme, but also one h*ck of a pupper. You will be missed by so many. 14/10 RIP https://t.co/M3hZGadUuO","https://twitter.com/dog_rates/status/822462944365645825/photo/1,https://twitter.com/dog_rates/status/822462944365645825/photo/1,https://twitter.com/dog_rates/status/822462944365645825/photo/1,https://twitter.com/dog_rates/status/822462944365645825/photo/1",12,10,Gabe,2017-01-20,15:17:01,pupper,14293,28052,https://pbs.twimg.com/media/C2n5rUUXEAIXAtv.jpg,3.0,pomeranian,0.960199,True,samoyed,0.0230563,True,maltese_dog,0.00894488,True
122,819238181065359361,"<a href=""http://twitter.com"" rel=""nofollow"">Twitter Web Client</a>","Some happy pupper news to share. 10/10 for everyone involved 
https://t.co/MefMAZX2uv",http://us.blastingnews.com/news/2017/01/200-dogs-saved-from-south-korean-dog-meat-industry-001385441.html?sbdht=_pM1QUzk3wsfscF9XF2WEd9KoWDpsQlMUjfh1HxxUq0u5mMbiu2B0kw2_,10,10,None,2017-01-11,17:42:57,pupper,408,2280,,,,,,,,,,,
123,818588835076603904,"<a href=""http://twitter.com/download/iphone"" rel=""nofollow"">Twitter for iPhone</a>",RT @dog_rates: This is Chelsea. She forgot how to dog. 11/10 get it together pupper https://t.co/nBJ5RE4yHb,"https://twitter.com/dog_rates/status/773547596996571136/photo/1,https://twitter.com/dog_rates/status/773547596996571136/photo/1",11,10,Chelsea,2017-01-09,22:42:41,pupper,6158,0,https://pbs.twimg.com/media/Crwxb5yWgAAX5P_.jpg,1.0,norwegian_elkhound,0.372202,True,chesapeake_bay_retriever,0.13718699999999998,True,malamute,0.07143619999999999,True
124,817777686764523521,"<a href=""http://twitter.com/download/iphone"" rel=""nofollow"">Twitter for iPhone</a>","This is Dido. She's playing the lead role in ""Pupper Stops to Catch Snow Before Resuming Shadow Box with Dried Apple."" 13/10 (IG: didodoggo) https://t.co/m7isZrOBX7",https://twitter.com/dog_rates/status/817777686764523521/video/1,12,10,Dido,2017-01-07,16:59:28,pupper,2703,10804,https://pbs.twimg.com/ext_tw_video_thumb/817777588030476288/pu/img/KbuLpE4krHF4VdPf.jpg,1.0,curly-coated_retriever,0.733256,True,flat-coated_retriever,0.214145,True,irish_water_spaniel,0.029769,True
125,817502432452313088,"<a href=""http://twitter.com/download/iphone"" rel=""nofollow"">Twitter for iPhone</a>",RT @dog_rates: Meet Herschel. He's slightly bigger than ur average pupper. Looks lonely. Could probably ride 7/10 would totally pet https:/…,https://twitter.com/dog_rates/status/692417313023332352/photo/1,10,10,Herschel,2017-01-06,22:45:43,pupper,3398,0,,,,,,,,,,,
126,817181837579653120,"<a href=""http://twitter.com/download/iphone"" rel=""nofollow"">Twitter for iPhone</a>",RT @dog_rates: Here's a pupper with squeaky hiccups. Please enjoy. 13/10 https://t.co/MiMKtsLN6k,"https://twitter.com/dog_rates/status/815966073409433600/video/1,https://twitter.com/dog_rates/status/815966073409433600/video/1",12,10,None,2017-01-06,01:31:47,pupper,8497,0,https://pbs.twimg.com/ext_tw_video_thumb/815965888126062592/pu/img/JleSw4wRhgKDWQj5.jpg,1.0,tibetan_mastiff,0.506312,True,tibetan_terrier,0.29569,True,otterhound,0.0362507,True
127,815966073409433600,"<a href=""http://twitter.com/download/iphone"" rel=""nofollow"">Twitter for iPhone</a>",Here's a pupper with squeaky hiccups. Please enjoy. 13/10 https://t.co/MiMKtsLN6k,https://twitter.com/dog_rates/status/815966073409433600/video/1,12,10,None,2017-01-02,17:00:46,pupper,8497,22553,https://pbs.twimg.com/ext_tw_video_thumb/815965888126062592/pu/img/JleSw4wRhgKDWQj5.jpg,1.0,tibetan_mastiff,0.506312,True,tibetan_terrier,0.29569,True,otterhound,0.0362507,True
128,814986499976527872,"<a href=""http://twitter.com/download/iphone"" rel=""nofollow"">Twitter for iPhone</a>",This is Cooper. Someone attacked him with a sharpie. Poor pupper. 11/10 nifty tongue slip tho https://t.co/01vpuRDXQ8,https://twitter.com/dog_rates/status/814986499976527872/photo/1,11,10,Cooper,2016-12-31,00:08:17,pupper,1282,7712,https://pbs.twimg.com/media/C09p5dJWIAE5qKL.jpg,1.0,dalmatian,0.999828,True,boxer,6.78061e-05,True,american_staffordshire_terrier,3.42436e-05,True
129,811386762094317568,"<a href=""http://twitter.com/download/iphone"" rel=""nofollow"">Twitter for iPhone</a>",This is Craig. That's actually a normal sized fence he's stuck on. H*ckin massive pupper. 11/10 someone help him https://t.co/aAUXzoxaBy,https://twitter.com/dog_rates/status/811386762094317568/photo/1,11,10,Craig,2016-12-21,01:44:13,pupper,6438,21093,https://pbs.twimg.com/media/C0Kf9PtWQAEW4sE.jpg,1.0,pembroke,0.804177,True,cardigan,0.18989,True,beagle,0.00196475,True
130,808733504066486276,"<a href=""http://twitter.com/download/iphone"" rel=""nofollow"">Twitter for iPhone</a>",Here's a pupper in a onesie. Quite pupset about it. Currently plotting revenge. 12/10 would rescue https://t.co/xQfrbNK3HD,https://twitter.com/dog_rates/status/808733504066486276/photo/1,12,10,None,2016-12-13,18:01:07,pupper,2188,7972,https://pbs.twimg.com/media/Czky0v9VIAEXRkd.jpg,1.0,seat_belt,0.779137,False,toy_poodle,0.0369271,True,golden_retriever,0.016972499999999998,True
131,808106460588765185,"<a href=""http://twitter.com/download/iphone"" rel=""nofollow"">Twitter for iPhone</a>",Here we have Burke (pupper) and Dexter (doggo). Pupper wants to be exactly like doggo. Both 12/10 would pet at same time https://t.co/ANBpEYHaho,https://twitter.com/dog_rates/status/808106460588765185/photo/1,12,10,None,2016-12-12,00:29:28,pupper,2229,8878,https://pbs.twimg.com/media/Czb4iFRXgAIUMiN.jpg,1.0,golden_retriever,0.426183,True,labrador_retriever,0.257447,True,great_pyrenees,0.12648199999999998,True
132,807621403335917568,"<a href=""http://twitter.com/download/iphone"" rel=""nofollow"">Twitter for iPhone</a>",This is Ollie Vue. He was a 3 legged pupper on a mission to overcome everything. This is very hard to write. 14/10 we will miss you Ollie https://t.co/qTRY2qX9y4,"https://twitter.com/dog_rates/status/807621403335917568/photo/1,https://twitter.com/dog_rates/status/807621403335917568/photo/1,https://twitter.com/dog_rates/status/807621403335917568/photo/1,https://twitter.com/dog_rates/status/807621403335917568/photo/1",12,10,Ollie,2016-12-10,16:22:02,pupper,3653,14726,https://pbs.twimg.com/media/CzU_YVGUUAA3Xsd.jpg,3.0,golden_retriever,0.873233,True,cocker_spaniel,0.0336933,True,chow,0.0204084,True
133,803638050916102144,"<a href=""http://twitter.com/download/iphone"" rel=""nofollow"">Twitter for iPhone</a>",Pupper hath acquire enemy. 13/10 https://t.co/ns9qoElfsX,https://twitter.com/dog_rates/status/803638050916102144/video/1,12,10,None,2016-11-29,16:33:36,pupper,4186,11047,https://pbs.twimg.com/ext_tw_video_thumb/803638023904559104/pu/img/vxm0Htm5iIV7EOAQ.jpg,1.0,labrador_retriever,0.372776,True,golden_retriever,0.343666,True,great_pyrenees,0.0672423,True
134,802265048156610565,"<a href=""http://twitter.com/download/iphone"" rel=""nofollow"">Twitter for iPhone</a>","Like doggo, like pupper version 2. Both 11/10 https://t.co/9IxWAXFqze",https://twitter.com/dog_rates/status/802265048156610565/photo/1,11,10,None,2016-11-25,21:37:47,pupper,1387,6828,https://pbs.twimg.com/media/CyI3zXgWEAACQfB.jpg,1.0,labrador_retriever,0.8971620000000001,True,beagle,0.016894799999999998,True,rhodesian_ridgeback,0.0120606,True
135,801115127852503040,"<a href=""http://twitter.com/download/iphone"" rel=""nofollow"">Twitter for iPhone</a>",This is Bones. He's being haunted by another doggo of roughly the same size. 12/10 deep breaths pupper everything's fine https://t.co/55Dqe0SJNj,"https://twitter.com/dog_rates/status/801115127852503040/photo/1,https://twitter.com/dog_rates/status/801115127852503040/photo/1",12,10,Bones,2016-11-22,17:28:25,pupper,2119,8160,https://pbs.twimg.com/media/Cx4h7zHUsAAqaJd.jpg,1.0,dalmatian,0.823356,True,english_setter,0.0946019,True,bluetick,0.0219534,True
136,800459316964663297,"<a href=""http://twitter.com/download/iphone"" rel=""nofollow"">Twitter for iPhone</a>",Here's a very sleepy pupper. Appears to be portable as h*ck. 12/10 would snug intensely https://t.co/61sX7pW5Ca,https://twitter.com/dog_rates/status/800459316964663297/photo/1,12,10,None,2016-11-20,22:02:27,pupper,2189,9616,https://pbs.twimg.com/media/CxvNfrhWQAA2hKM.jpg,1.0,teddy,0.31192800000000004,False,ice_bear,0.184657,False,christmas_stocking,0.173229,False
137,800443802682937345,"<a href=""http://twitter.com/download/iphone"" rel=""nofollow"">Twitter for iPhone</a>",RT @dog_rates: This is Sampson. He's about to get hit with a vicious draw 2. Has no idea. 11/10 poor pupper https://t.co/FYT9QBEnKG,"https://twitter.com/dog_rates/status/776113305656188928/photo/1,https://twitter.com/dog_rates/status/776113305656188928/photo/1",11,10,Sampson,2016-11-20,21:00:48,pupper,4368,0,https://pbs.twimg.com/media/CsVO7ljW8AAckRD.jpg,1.0,mousetrap,0.777468,False,black_widow,0.0939402,False,paddlewheel,0.0174919,False
138,800188575492947969,"<a href=""http://twitter.com/download/iphone"" rel=""nofollow"">Twitter for iPhone</a>",RT @dog_rates: This is Bo. He's a Benedoop Cumbersnatch. Seems frustrated with own feet. Portable as hell. 11/10 very solid pupper https://…,https://twitter.com/dog_rates/status/681694085539872773/photo/1,11,10,Bo,2016-11-20,04:06:37,pupper,3989,0,,,,,,,,,,,
139,798705661114773508,"<a href=""http://twitter.com/download/iphone"" rel=""nofollow"">Twitter for iPhone</a>","RT @dog_rates: Meet Baloo. He's expecting a fast ground ball, hence the wide stance. Prepared af. 11/10 nothing runs like a pupper https://…",https://twitter.com/dog_rates/status/740676976021798912/photo/1,11,10,Baloo,2016-11-16,01:54:03,pupper,6716,0,,,,,,,,,,,
140,798682547630837760,"<a href=""http://twitter.com/download/iphone"" rel=""nofollow"">Twitter for iPhone</a>",RT @dog_rates: Here we see a rare pouched pupper. Ample storage space. Looks alert. Jumps at random. Kicked open that door. 8/10 https://t.…,https://twitter.com/dog_rates/status/676936541936185344/photo/1,10,10,None,2016-11-16,00:22:12,pupper,4776,0,,,,,,,,,,,
141,797971864723324932,"<a href=""http://twitter.com/download/iphone"" rel=""nofollow"">Twitter for iPhone</a>",Here's a helicopter pupper. He takes off at random. H*ckin hard to control. 12/10 rare af https://t.co/GRWPgNKt2z,"https://twitter.com/dog_rates/status/797971864723324932/photo/1,https://twitter.com/dog_rates/status/797971864723324932/photo/1",12,10,None,2016-11-14,01:18:12,pupper,3144,11709,https://pbs.twimg.com/media/CxL3IWeVEAAAIE2.jpg,1.0,american_staffordshire_terrier,0.489845,True,chihuahua,0.30576,True,staffordshire_bullterrier,0.0727991,True
142,794205286408003585,"<a href=""http://twitter.com/download/iphone"" rel=""nofollow"">Twitter for iPhone</a>",This is Laika. She was a space pupper. The first space pupper actually. Orbited earth like a h*ckin boss. 14/10 hero af https://t.co/trSjgY3h4g,"https://twitter.com/dog_rates/status/794205286408003585/photo/1,https://twitter.com/dog_rates/status/794205286408003585/photo/1,https://twitter.com/dog_rates/status/794205286408003585/photo/1",12,10,Laika,2016-11-03,15:51:10,pupper,3356,9314,https://pbs.twimg.com/media/CwWVe_3WEAAHAvx.jpg,3.0,pedestal,0.66266,False,fountain,0.294827,False,brass,0.0203711,False
143,791821351946420224,"<a href=""http://twitter.com/download/iphone"" rel=""nofollow"">Twitter for iPhone</a>",RT @dog_rates: This little fella really hates stairs. Prefers bush. 13/10 legendary pupper https://t.co/e3LPMAHj7p,"https://vine.co/v/eEZXZI1rqxX,https://vine.co/v/eEZXZI1rqxX",12,10,None,2016-10-28,01:58:16,pupper,21301,0,,,,,,,,,,,
144,789903600034189313,"<a href=""http://vine.co"" rel=""nofollow"">Vine - Make a Scene</a>",This is Ralphy. His dreams were just shattered. Poor pupper. 13/10 it'll be ok Ralphy https://t.co/P0kSN6rT6H,https://vine.co/v/5wPT1aBxPQZ,12,10,Ralphy,2016-10-22,18:57:48,pupper,4175,10440,,,,,,,,,,,
145,788552643979468800,"<a href=""http://twitter.com/download/iphone"" rel=""nofollow"">Twitter for iPhone</a>",RT @dog_rates: Say hello to mad pupper. You know what you did. 13/10 would pet until no longer furustrated https://t.co/u1ulQ5heLX,"https://vine.co/v/iEggaEOiLO3,https://vine.co/v/iEggaEOiLO3",12,10,mad,2016-10-19,01:29:35,pupper,7242,0,,,,,,,,,,,
146,785639753186217984,"<a href=""http://twitter.com/download/iphone"" rel=""nofollow"">Twitter for iPhone</a>",This is Pinot. He's a sophisticated doggo. You can tell by the hat. Also pointier than your average pupper. Still 10/10 would pet cautiously https://t.co/f2wmLZTPHd,"https://twitter.com/dog_rates/status/785639753186217984/photo/1,https://twitter.com/dog_rates/status/785639753186217984/photo/1",10,10,Pinot,2016-10-11,00:34:48,pupper,2254,7910,https://pbs.twimg.com/media/CucnLmeWAAALOSC.jpg,1.0,porcupine,0.978042,False,sea_urchin,0.0061063,False,echidna,0.00544197,False
147,781308096455073793,"<a href=""http://vine.co"" rel=""nofollow"">Vine - Make a Scene</a>","Pupper butt 1, Doggo 0. Both 12/10 https://t.co/WQvcPEpH2u",https://vine.co/v/5rgu2Law2ut,12,10,None,2016-09-29,01:42:20,pupper,2568,7181,,,,,,,,,,,
148,779377524342161408,"<a href=""http://twitter.com/download/iphone"" rel=""nofollow"">Twitter for iPhone</a>",Have you ever seen such a smol pupper? Portable af. 12/10 would keep in shirt pocket https://t.co/KsqaIzlQ12,https://twitter.com/dog_rates/status/779377524342161408/video/1,12,10,None,2016-09-23,17:50:56,pupper,3119,8837,https://pbs.twimg.com/ext_tw_video_thumb/779377444025499652/pu/img/eIiLDy9F6rPNarEc.jpg,1.0,sundial,0.17092100000000002,False,cash_machine,0.0603586,False,maze,0.0549814,False
149,778039087836069888,"<a href=""http://twitter.com/download/iphone"" rel=""nofollow"">Twitter for iPhone</a>",Evolution of a pupper yawn featuring Max. 12/10 groundbreaking stuff https://t.co/t8Y4x9DmVD,"https://twitter.com/dog_rates/status/778039087836069888/photo/1,https://twitter.com/dog_rates/status/778039087836069888/photo/1,https://twitter.com/dog_rates/status/778039087836069888/photo/1,https://twitter.com/dog_rates/status/778039087836069888/photo/1",12,10,None,2016-09-20,01:12:28,pupper,2651,8534,https://pbs.twimg.com/media/CswmaHmWAAAbdY9.jpg,2.0,german_shepherd,0.717776,True,malinois,0.111175,True,norwegian_elkhound,0.0588024,True
150,778027034220126208,"<a href=""http://twitter.com/download/iphone"" rel=""nofollow"">Twitter for iPhone</a>",This is Sophie. She's a Jubilant Bush Pupper. Super h*ckin rare. Appears at random just to smile at the locals. 11.27/10 would smile back https://t.co/QFaUiIHxHq,https://twitter.com/dog_rates/status/778027034220126208/photo/1,12,10,Sophie,2016-09-20,00:24:34,pupper,1615,6566,https://pbs.twimg.com/media/Cswbc2yWcAAVsCJ.jpg,1.0,clumber,0.946718,True,cocker_spaniel,0.0159499,True,lhasa,0.00651911,True
151,776819012571455488,"<a href=""http://twitter.com/download/iphone"" rel=""nofollow"">Twitter for iPhone</a>",RT @dog_rates: Everybody look at this beautiful pupper 13/10 https://t.co/hyAC5Hq9GC,"https://twitter.com/dog_rates/status/679828447187857408/photo/1,https://twitter.com/dog_rates/status/679828447187857408/photo/1,https://twitter.com/dog_rates/status/679828447187857408/photo/1,https://twitter.com/dog_rates/status/679828447187857408/photo/1,https://twitter.com/dog_rates/status/679828447187857408/photo/1,https://twitter.com/dog_rates/status/679828447187857408/photo/1",12,10,None,2016-09-16,16:24:19,pupper,13699,0,https://pbs.twimg.com/media/CW88XN4WsAAlo8r.jpg,3.0,chihuahua,0.346545,True,dalmatian,0.166246,True,toy_terrier,0.117502,True
152,776477788987613185,"<a href=""http://twitter.com/download/iphone"" rel=""nofollow"">Twitter for iPhone</a>",This is Huck. He's addicted to caffeine. Hope it's not too latte to seek help. 11/10 stay strong pupper https://t.co/iJE3F0VozW,"https://twitter.com/dog_rates/status/776477788987613185/photo/1,https://twitter.com/dog_rates/status/776477788987613185/photo/1",11,10,Huck,2016-09-15,17:48:25,pupper,2788,8848,https://pbs.twimg.com/media/CsaaaaxWgAEfzM7.jpg,1.0,labrador_retriever,0.8848389999999999,True,chesapeake_bay_retriever,0.0575651,True,paintbrush,0.00576608,False
153,776113305656188928,"<a href=""http://twitter.com/download/iphone"" rel=""nofollow"">Twitter for iPhone</a>",This is Sampson. He's about to get hit with a vicious draw 2. Has no idea. 11/10 poor pupper https://t.co/FYT9QBEnKG,https://twitter.com/dog_rates/status/776113305656188928/photo/1,11,10,Sampson,2016-09-14,17:40:06,pupper,4368,11792,https://pbs.twimg.com/media/CsVO7ljW8AAckRD.jpg,1.0,mousetrap,0.777468,False,black_widow,0.0939402,False,paddlewheel,0.0174919,False
154,775898661951791106,"<a href=""http://twitter.com/download/iphone"" rel=""nofollow"">Twitter for iPhone</a>","RT @dog_rates: Like father (doggo), like son (pupper). Both 12/10 https://t.co/pG2inLaOda","https://twitter.com/dog_rates/status/733109485275860992/photo/1,https://twitter.com/dog_rates/status/733109485275860992/photo/1",12,10,None,2016-09-14,03:27:11,pupper,16534,0,https://pbs.twimg.com/media/CiyHLocU4AI2pJu.jpg,1.0,golden_retriever,0.945523,True,labrador_retriever,0.0423191,True,doormat,0.00395626,False
155,773985732834758656,"<a href=""http://twitter.com/download/iphone"" rel=""nofollow"">Twitter for iPhone</a>",Meet Winnie. She just made awkward eye contact with the driver beside her. Poor pupper panicked. 11/10 would comfort https://t.co/RFWtDqTnAz,"https://twitter.com/dog_rates/status/773985732834758656/photo/1,https://twitter.com/dog_rates/status/773985732834758656/photo/1,https://twitter.com/dog_rates/status/773985732834758656/photo/1,https://twitter.com/dog_rates/status/773985732834758656/photo/1",11,10,Winnie,2016-09-08,20:45:53,pupper,3859,10733,https://pbs.twimg.com/media/Cr2_6R8WAAAUMtc.jpg,4.0,giant_panda,0.451149,False,fur_coat,0.148001,False,pug,0.10957,True
156,773547596996571136,"<a href=""http://twitter.com/download/iphone"" rel=""nofollow"">Twitter for iPhone</a>",This is Chelsea. She forgot how to dog. 11/10 get it together pupper https://t.co/nBJ5RE4yHb,https://twitter.com/dog_rates/status/773547596996571136/photo/1,11,10,Chelsea,2016-09-07,15:44:53,pupper,6158,22146,https://pbs.twimg.com/media/Crwxb5yWgAAX5P_.jpg,1.0,norwegian_elkhound,0.372202,True,chesapeake_bay_retriever,0.13718699999999998,True,malamute,0.07143619999999999,True
157,772193107915964416,"<a href=""http://twitter.com/download/iphone"" rel=""nofollow"">Twitter for iPhone</a>",This is Willem. He's a Penn State pupper. Thinks the hood makes him more intimidating. It doesn't. 12/10 https://t.co/Dp0s7MRIHK,https://twitter.com/dog_rates/status/772193107915964416/photo/1,12,10,Willem,2016-09-03,22:02:38,pupper,1395,6048,https://pbs.twimg.com/media/Crdhh_1XEAAHKHi.jpg,1.0,pembroke,0.367945,True,chihuahua,0.223522,True,pekinese,0.164871,True
158,770093767776997377,"<a href=""http://twitter.com/download/iphone"" rel=""nofollow"">Twitter for iPhone</a>",RT @dog_rates: This is just downright precious af. 12/10 for both pupper and doggo https://t.co/o5J479bZUC,"https://twitter.com/dog_rates/status/741067306818797568/photo/1,https://twitter.com/dog_rates/status/741067306818797568/photo/1",12,10,just,2016-08-29,03:00:36,pupper,3049,0,https://pbs.twimg.com/media/CkjMx99UoAM2B1a.jpg,1.0,golden_retriever,0.843799,True,labrador_retriever,0.0529559,True,kelpie,0.0357111,True
159,768909767477751808,"<a href=""http://twitter.com/download/iphone"" rel=""nofollow"">Twitter for iPhone</a>",RT @dog_rates: When it's Janet from accounting's birthday but you can't eat the cake cuz it's chocolate. 10/10 hang in there pupper https:/…,https://twitter.com/dog_rates/status/700143752053182464/photo/1,10,10,None,2016-08-25,20:35:48,pupper,2666,0,,,,,,,,,,,
160,765371061932261376,"<a href=""http://twitter.com/download/iphone"" rel=""nofollow"">Twitter for iPhone</a>",This is Louie. He's had a long day. Did a lot of pupper things. Also appears to be rather heckin pettable. 11/10 https://t.co/w2qDmoTIZ5,"https://twitter.com/dog_rates/status/765371061932261376/photo/1,https://twitter.com/dog_rates/status/765371061932261376/photo/1",11,10,Louie,2016-08-16,02:14:15,pupper,2157,7057,https://pbs.twimg.com/media/Cp8k6oRWcAUL78U.jpg,2.0,golden_retriever,0.829456,True,labrador_retriever,0.08937089999999999,True,kuvasz,0.0170275,True
161,763167063695355904,"<a href=""http://twitter.com/download/iphone"" rel=""nofollow"">Twitter for iPhone</a>",RT @dog_rates: Meet Eve. She's a raging alcoholic 8/10 (would b 11/10 but pupper alcoholism is a tragic issue that I can't condone) https:/…,https://twitter.com/dog_rates/status/673295268553605120/photo/1,10,10,Eve,2016-08-10,00:16:21,pupper,2999,0,,,,,,,,,,,
162,759943073749200896,"<a href=""http://vine.co"" rel=""nofollow"">Vine - Make a Scene</a>",Here's a wicked fast pupper. 12/10 camera could barely keep pup https://t.co/HtAR6gpUAu,https://vine.co/v/5AJm5pq7Kav,12,10,None,2016-08-01,02:45:22,pupper,2065,5935,,,,,,,,,,,
163,759793422261743616,"<a href=""http://twitter.com/download/iphone"" rel=""nofollow"">Twitter for iPhone</a>","Meet Maggie &amp; Lila. Maggie is the doggo, Lila is the pupper. They are sisters. Both 12/10 would pet at the same time https://t.co/MYwR4DQKll","https://twitter.com/dog_rates/status/759793422261743616/photo/1,https://twitter.com/dog_rates/status/759793422261743616/photo/1",12,10,Maggie,2016-07-31,16:50:42,pupper,1894,5928,https://pbs.twimg.com/media/CotUFZEWcAA2Pku.jpg,2.0,golden_retriever,0.985876,True,labrador_retriever,0.00194777,True,kuvasz,0.00175174,True
164,757597904299253760,"<a href=""http://twitter.com/download/iphone"" rel=""nofollow"">Twitter for iPhone</a>",RT @jon_hill987: @dog_rates There is a cunningly disguised pupper here mate! 11/10 at least. https://t.co/7boff8zojZ,"https://twitter.com/jon_hill987/status/757597141099548672/photo/1,https://twitter.com/jon_hill987/status/757597141099548672/photo/1",11,10,None,2016-07-25,15:26:30,pupper,298,0,https://pbs.twimg.com/media/CoOGZjiWAAEMKGx.jpg,1.0,doormat,0.8361059999999999,False,wallet,0.0566269,False,purse,0.0513335,False
165,756939218950160384,"<a href=""http://twitter.com/download/iphone"" rel=""nofollow"">Twitter for iPhone</a>",This is Jax. He is a majestic mountain pupper. Thinks flat ground is for the weak. 12/10 would totally hike with https://t.co/KGdeHuFJnH,https://twitter.com/dog_rates/status/756939218950160384/photo/1,12,10,Jax,2016-07-23,19:49:07,pupper,1992,6611,https://pbs.twimg.com/media/CoEwMXeWEAAaIz5.jpg,1.0,golden_retriever,0.790371,True,cocker_spaniel,0.130268,True,labrador_retriever,0.0646287,True
166,755955933503782912,"<a href=""http://twitter.com/download/iphone"" rel=""nofollow"">Twitter for iPhone</a>",Here's a frustrated pupper attempting to escape a pool of Frosted Flakes. 12/10 https://t.co/GAYViEweWr,https://twitter.com/dog_rates/status/755955933503782912/video/1,12,10,None,2016-07-21,02:41:54,pupper,2859,7274,https://pbs.twimg.com/ext_tw_video_thumb/755955658164465664/pu/img/YcjfthN7C3z61GUj.jpg,1.0,pekinese,0.596882,True,maltese_dog,0.176478,True,great_pyrenees,0.0267753,True
167,751950017322246144,"<a href=""http://vine.co"" rel=""nofollow"">Vine - Make a Scene</a>",This is Lola. She's a surfing pupper. 13/10 magical af https://t.co/BlGQkhM5EV,https://vine.co/v/5WrjaYAMvMO,12,10,Lola,2016-07-10,01:23:49,pupper,904,3038,,,,,,,,,,,
168,751583847268179968,"<a href=""http://twitter.com/download/iphone"" rel=""nofollow"">Twitter for iPhone</a>",Please stop sending it pictures that don't even have a doggo or pupper in them. Churlish af. 5/10 neat couch tho https://t.co/u2c9c7qSg8,https://twitter.com/dog_rates/status/751583847268179968/photo/1,10,10,None,2016-07-09,01:08:47,pupper,1090,4361,https://pbs.twimg.com/media/Cm4phTpWcAAgLsr.jpg,1.0,dalmatian,0.8683040000000001,True,studio_couch,0.059623,False,snow_leopard,0.0138763,False
169,751456908746354688,"<a href=""http://twitter.com/download/iphone"" rel=""nofollow"">Twitter for iPhone</a>",Here's a pupper that's very hungry but too lazy to get up and eat. 12/10 (vid by @RealDavidCortes) https://t.co/lsVAMBq6ex,https://twitter.com/dog_rates/status/751456908746354688/video/1,12,10,None,2016-07-08,16:44:23,pupper,991,3191,https://pbs.twimg.com/ext_tw_video_thumb/751456786360725504/pu/img/hWqfIQ29A0cBv6f_.jpg,1.0,golden_retriever,0.714409,True,afghan_hound,0.06616260000000003,True,chow,0.0284126,True
170,750868782890057730,"<a href=""http://twitter.com/download/iphone"" rel=""nofollow"">Twitter for iPhone</a>",Meet Milo. He hauled ass until he ran out of treadmill and then passed out from exhaustion. 11/10 sleep tight pupper https://t.co/xe1aGZNkcC,"https://twitter.com/dog_rates/status/750868782890057730/photo/1,https://twitter.com/dog_rates/status/750868782890057730/photo/1,https://twitter.com/dog_rates/status/750868782890057730/photo/1,https://twitter.com/dog_rates/status/750868782890057730/photo/1",11,10,Milo,2016-07-07,01:47:22,pupper,1348,4749,https://pbs.twimg.com/media/CmufLLsXYAAsU0r.jpg,4.0,toy_poodle,0.912648,True,miniature_poodle,0.0350592,True,seat_belt,0.0263756,False
171,750506206503038976,"<a href=""http://twitter.com/download/iphone"" rel=""nofollow"">Twitter for iPhone</a>",This is Malcolm. He's absolutely terrified of heights. 8/10 hang in there pupper https://t.co/SVU00Sc9U2,https://twitter.com/dog_rates/status/750506206503038976/photo/1,10,10,Malcolm,2016-07-06,01:46:38,pupper,1133,4405,https://pbs.twimg.com/media/CmpVaOZWIAAp3z6.jpg,1.0,american_black_bear,0.219166,False,lesser_panda,0.214715,False,titi,0.0916851,False
172,750383411068534784,"<a href=""http://twitter.com/download/iphone"" rel=""nofollow"">Twitter for iPhone</a>",This is Zoe. She was trying to stealthily take a picture of you but you just noticed. 9/10 not so sneaky pupper https://t.co/FfH3o88Vta,https://twitter.com/dog_rates/status/750383411068534784/photo/1,10,10,Zoe,2016-07-05,17:38:41,pupper,1141,4523,https://pbs.twimg.com/media/CmnluwbXEAAqnkw.jpg,1.0,border_collie,0.672791,True,collie,0.270188,True,papillon,0.0345039,True
173,750071704093859840,"<a href=""http://twitter.com/download/iphone"" rel=""nofollow"">Twitter for iPhone</a>",Pause your cookout and admire this pupper's nifty hat. 10/10 https://t.co/RG4C9IdNJM,"https://twitter.com/dog_rates/status/750071704093859840/photo/1,https://twitter.com/dog_rates/status/750071704093859840/photo/1,https://twitter.com/dog_rates/status/750071704093859840/photo/1",10,10,None,2016-07-04,21:00:04,pupper,3291,7776,https://pbs.twimg.com/media/CmjKOzVWcAAQN6w.jpg,2.0,redbone,0.382113,True,malinois,0.249943,True,miniature_pinscher,0.0709262,True
174,749417653287129088,"<a href=""http://twitter.com/download/iphone"" rel=""nofollow"">Twitter for iPhone</a>",This is Finn. He's the most unphotogenic pupper of all time. 11/10 https://t.co/qvA2rCUl6v,"https://twitter.com/dog_rates/status/749417653287129088/photo/1,https://twitter.com/dog_rates/status/749417653287129088/photo/1,https://twitter.com/dog_rates/status/749417653287129088/photo/1,https://twitter.com/dog_rates/status/749417653287129088/photo/1",11,10,Finn,2016-07-03,01:41:06,pupper,1621,6063,https://pbs.twimg.com/media/CmZ3YH9WEAAowi3.jpg,2.0,papillon,0.772894,True,shetland_sheepdog,0.0424076,True,collie,0.0423131,True
175,748337862848962560,"<a href=""http://vine.co"" rel=""nofollow"">Vine - Make a Scene</a>",SWIM AWAY PUPPER SWIM AWAY 13/10 #BarkWeek  https://t.co/QGGhZoTcwy,https://vine.co/v/h5aDaFthX6O,12,10,None,2016-06-30,02:10:24,pupper,4050,7560,,,,,,,,,,,
176,747963614829678593,"<a href=""http://twitter.com/download/iphone"" rel=""nofollow"">Twitter for iPhone</a>",PUPPER NOOOOO BEHIND YOUUU 10/10 pls keep this pupper in your thoughts https://t.co/ZPfeRtOX0Q,https://twitter.com/dog_rates/status/747963614829678593/photo/1,10,10,None,2016-06-29,01:23:16,pupper,2108,5719,https://pbs.twimg.com/media/CmFM7ngXEAEitfh.jpg,1.0,kelpie,0.307672,True,irish_terrier,0.197486,True,dingo,0.105475,False
177,747651430853525504,"<a href=""http://twitter.com/download/iphone"" rel=""nofollow"">Twitter for iPhone</a>",Other pupper asked not to have his identity shared. Probably just embarrassed about the headbutt. Also 12/10 it'll be ok mystery pup,,12,10,None,2016-06-28,04:42:46,pupper,153,1371,,,,,,,,,,,
178,747242308580548608,"<a href=""http://twitter.com/download/iphone"" rel=""nofollow"">Twitter for iPhone</a>",RT @dog_rates: This pupper killed this great white in an epic sea battle. Now wears it as a trophy. Such brave. Much fierce. 13/10 https://…,"https://twitter.com/dog_rates/status/704761120771465216/photo/1,https://twitter.com/dog_rates/status/704761120771465216/photo/1",12,10,None,2016-06-27,01:37:04,pupper,2878,0,,,,,,,,,,,
179,744223424764059648,"<a href=""http://twitter.com/download/iphone"" rel=""nofollow"">Twitter for iPhone</a>","This is actually a pupper and I'd pet it so well. 12/10
https://t.co/RNqS7C4Y4N",https://twitter.com/strange_animals/status/672108316018024452,12,10,actually,2016-06-18,17:41:06,pupper,357,1643,,,,,,,,,,,
180,743222593470234624,"<a href=""http://twitter.com/download/iphone"" rel=""nofollow"">Twitter for iPhone</a>",This is a very rare Great Alaskan Bush Pupper. Hard to stumble upon without spooking. 12/10 would pet passionately https://t.co/xOBKCdpzaa,https://twitter.com/dog_rates/status/743222593470234624/photo/1,12,10,a,2016-06-15,23:24:09,pupper,1884,6115,https://pbs.twimg.com/media/ClB09z0WYAAA1jz.jpg,1.0,kuvasz,0.350629,True,soft-coated_wheaten_terrier,0.182782,True,golden_retriever,0.08766239999999999,True
181,742465774154047488,"<a href=""http://twitter.com/download/iphone"" rel=""nofollow"">Twitter for iPhone</a>","Was just informed about this hero pupper and others like her. Another 14/10, would be an absolute honor to pet https://t.co/hBTzPmj36Z","https://twitter.com/dog_rates/status/742465774154047488/photo/1,https://twitter.com/dog_rates/status/742465774154047488/photo/1",12,10,None,2016-06-13,21:16:49,pupper,3867,7166,https://pbs.twimg.com/media/Ck3EribXEAAPhZn.jpg,1.0,web_site,0.997154,False,comic_book,0.000439221,False,desktop_computer,0.000267579,False
182,742150209887731712,"<a href=""http://twitter.com/download/iphone"" rel=""nofollow"">Twitter for iPhone</a>",This is Edmund. He sends stellar selfies. Cute af. 8/10 would totally snapchat with this pupper https://t.co/PprXoqZuKY,https://twitter.com/dog_rates/status/742150209887731712/photo/1,10,10,Edmund,2016-06-13,00:22:53,pupper,1524,5043,https://pbs.twimg.com/media/CkylrVWWsAAiXJE.jpg,1.0,siamese_cat,0.112413,False,french_bulldog,0.07141439999999999,True,hog,0.0624654,False
183,741743634094141440,"<a href=""http://twitter.com/download/iphone"" rel=""nofollow"">Twitter for iPhone</a>",Meet Aqua. She's a sandy pupper. Not sure how she feels about being so sandy. Radical tongue slip. 11/10 petable af https://t.co/rYxJ0UQtbE,"https://twitter.com/dog_rates/status/741743634094141440/photo/1,https://twitter.com/dog_rates/status/741743634094141440/photo/1,https://twitter.com/dog_rates/status/741743634094141440/photo/1",11,10,Aqua,2016-06-11,21:27:17,pupper,2708,8059,https://pbs.twimg.com/media/Cksz42EW0AAh2NF.jpg,1.0,labrador_retriever,0.786089,True,flat-coated_retriever,0.0486524,True,chesapeake_bay_retriever,0.0346933,True
184,741067306818797568,"<a href=""http://twitter.com/download/iphone"" rel=""nofollow"">Twitter for iPhone</a>",This is just downright precious af. 12/10 for both pupper and doggo https://t.co/o5J479bZUC,https://twitter.com/dog_rates/status/741067306818797568/photo/1,12,10,just,2016-06-10,00:39:48,pupper,3049,9395,https://pbs.twimg.com/media/CkjMx99UoAM2B1a.jpg,1.0,golden_retriever,0.843799,True,labrador_retriever,0.0529559,True,kelpie,0.0357111,True
185,740676976021798912,"<a href=""http://twitter.com/download/iphone"" rel=""nofollow"">Twitter for iPhone</a>","Meet Baloo. He's expecting a fast ground ball, hence the wide stance. Prepared af. 11/10 nothing runs like a pupper https://t.co/sMbMw5Z2XC",https://twitter.com/dog_rates/status/740676976021798912/photo/1,11,10,Baloo,2016-06-08,22:48:46,pupper,6716,17927,https://pbs.twimg.com/media/Ckdpx5KWsAANF6b.jpg,1.0,wombat,0.462952,False,norwegian_elkhound,0.275225,True,siamese_cat,0.0435593,False
186,739606147276148736,"<a href=""http://twitter.com/download/iphone"" rel=""nofollow"">Twitter for iPhone</a>",Meet Benji. He just turned 1. Has already given up on a traditional pupper physique. Just inhaled that thing. 9/10 https://t.co/sLUC4th3Zj,"https://twitter.com/dog_rates/status/739606147276148736/photo/1,https://twitter.com/dog_rates/status/739606147276148736/photo/1,https://twitter.com/dog_rates/status/739606147276148736/photo/1",10,10,Benji,2016-06-05,23:53:41,pupper,1629,5315,https://pbs.twimg.com/media/CkOb3FXW0AAUL_U.jpg,3.0,blenheim_spaniel,0.933755,True,cocker_spaniel,0.0417194,True,brittany_spaniel,0.00671256,True
187,736392552031657984,"<a href=""http://vine.co"" rel=""nofollow"">Vine - Make a Scene</a>",Say hello to mad pupper. You know what you did. 13/10 would pet until no longer furustrated https://t.co/u1ulQ5heLX,https://vine.co/v/iEggaEOiLO3,12,10,mad,2016-05-28,03:04:00,pupper,7242,17424,,,,,,,,,,,
188,736365877722001409,"<a href=""http://twitter.com/download/iphone"" rel=""nofollow"">Twitter for iPhone</a>",This is Rory. He's extremely impatient. 11/10 settle down pupper https://t.co/e3tfXJLi40,"https://twitter.com/dog_rates/status/736365877722001409/photo/1,https://twitter.com/dog_rates/status/736365877722001409/photo/1,https://twitter.com/dog_rates/status/736365877722001409/photo/1,https://twitter.com/dog_rates/status/736365877722001409/photo/1",11,10,Rory,2016-05-28,01:18:00,pupper,1222,3907,https://pbs.twimg.com/media/CjgYyuvWkAAHU8g.jpg,3.0,cup,0.473555,False,toy_poodle,0.082606,True,consomme,0.048298,False
189,735648611367784448,"<a href=""http://twitter.com/download/iphone"" rel=""nofollow"">Twitter for iPhone</a>",*faints* 12/10 perfection in pupper form https://t.co/t6TxTwTLEK,https://twitter.com/dog_rates/status/735648611367784448/photo/1,12,10,None,2016-05-26,01:47:51,pupper,1081,3972,https://pbs.twimg.com/media/CjWMezdW0AErwU3.jpg,1.0,pembroke,0.462594,True,seat_belt,0.261854,False,cardigan,0.151698,True
190,735137028879360001,"<a href=""http://twitter.com/download/iphone"" rel=""nofollow"">Twitter for iPhone</a>",Meet Buckley. His family &amp; some neighbors came over to watch him perform but he's nervous af. 9/10 u got this pupper https://t.co/5bdCpPlno9,https://twitter.com/dog_rates/status/735137028879360001/photo/1,10,10,Buckley,2016-05-24,15:55:00,pupper,956,3077,https://pbs.twimg.com/media/CjO7OfeWgAAUQy-.jpg,1.0,walker_hound,0.413535,True,beagle,0.233891,True,english_foxhound,0.164943,True
191,733109485275860992,"<a href=""http://twitter.com/download/iphone"" rel=""nofollow"">Twitter for iPhone</a>","Like father (doggo), like son (pupper). Both 12/10 https://t.co/pG2inLaOda",https://twitter.com/dog_rates/status/733109485275860992/photo/1,12,10,None,2016-05-19,01:38:16,pupper,16534,49418,https://pbs.twimg.com/media/CiyHLocU4AI2pJu.jpg,1.0,golden_retriever,0.945523,True,labrador_retriever,0.0423191,True,doormat,0.00395626,False
192,730573383004487680,"<a href=""http://twitter.com/download/iphone"" rel=""nofollow"">Twitter for iPhone</a>",This is Rooney. He can't comprehend glass. 10/10 it'll be ok pupper https://t.co/CnUl2uDBBV,"https://twitter.com/dog_rates/status/730573383004487680/photo/1,https://twitter.com/dog_rates/status/730573383004487680/photo/1,https://twitter.com/dog_rates/status/730573383004487680/photo/1",10,10,Rooney,2016-05-12,01:40:42,pupper,2090,4805,https://pbs.twimg.com/media/CiOEnI6WgAAmq4E.jpg,2.0,american_staffordshire_terrier,0.810158,True,labrador_retriever,0.058204999999999986,True,weimaraner,0.027929500000000003,True
193,728035342121635841,"<a href=""http://twitter.com/download/iphone"" rel=""nofollow"">Twitter for iPhone</a>",This is all I want in my life. 12/10 for super sleepy pupper https://t.co/4RlLA5ObMh,"https://twitter.com/dog_rates/status/728035342121635841/photo/1,https://twitter.com/dog_rates/status/728035342121635841/photo/1",12,10,all,2016-05-05,01:35:26,pupper,1634,4486,https://pbs.twimg.com/media/ChqARqmWsAEI6fB.jpg,1.0,handkerchief,0.30296100000000004,False,pomeranian,0.248664,True,shih-tzu,0.111015,True
